%% This BibTeX bibliography file was created using BibDesk.
%% http://bibdesk.sourceforge.net/


%% Created for Ryan Garland at 2015-06-10 17:24:47 +0100 


%% Saved with string encoding Unicode (UTF-8) 

@article{humlicek82,
title = "Optimized computation of the voigt and complex probability functions",
journal = "Journal of Quantitative Spectroscopy and Radiative Transfer",
volume = "27",
number = "4",
pages = "437 - 444",
year = "1982",
note = "",
issn = "0022-4073",
doi = "http://dx.doi.org/10.1016/0022-4073(82)90078-4",
url = "http://www.sciencedirect.com/science/article/pii/0022407382900784",
author = "J. Humlíček",

}

@article{jullion07,
title = "Robust specification of the roughness penalty prior distribution in spatially adaptive Bayesian P-splines models ",
journal = "Computational Statistics And Data Analysis ",
volume = "51",
number = "5",
pages = "2542 - 2558",
year = "2007",
note = "",
issn = "0167-9473",
doi = "http://dx.doi.org/10.1016/j.csda.2006.09.027",
url = "http://www.sciencedirect.com/science/article/pii/S0167947306003549",
author = "Astrid Jullion and Philippe Lambert",
keywords = "Bayesian P-splines",
keywords = "Adaptive penalties",
keywords = "Prior specification",
keywords = "Markov chain Monte Carlo "
}

@article{lang04,
author = {Stefan Lang and Andreas Brezger},
title = {Bayesian P-Splines},
journal = {Journal of Computational and Graphical Statistics},
volume = {13},
number = {1},
pages = {183-212},
year = {2004},
doi = {10.1198/1061860043010},

URL = { 
        http://dx.doi.org/10.1198/1061860043010
    
},
eprint = { 
        http://dx.doi.org/10.1198/1061860043010
    
}

}




@ARTICLE{allard01,
   author = {{Allard}, F. and {Hauschildt}, P.~H. and {Alexander}, D.~R. and 
	{Tamanai}, A. and {Schweitzer}, A.},
    title = "{The Limiting Effects of Dust in Brown Dwarf Model Atmospheres}",
  journal = {\apj},
   eprint = {astro-ph/0104256},
 keywords = {Stars: Atmospheres, Stars: Fundamental Parameters, Stars: Low-Mass, Brown Dwarfs},
     year = 2001,
    month = jul,
   volume = 556,
    pages = {357-372},
      doi = {10.1086/321547},
   adsurl = {http://adsabs.harvard.edu/abs/2001ApJ...556..357A},
  adsnote = {Provided by the SAO/NASA Astrophysics Data System}
}

@article{rothman13,
title = "The \{HITRAN2012\} molecular spectroscopic database ",
journal = "Journal of Quantitative Spectroscopy and Radiative Transfer ",
volume = "130",
number = "",
pages = "4 - 50",
year = "2013",
note = "\{HITRAN2012\} special issue ",
issn = "0022-4073",
doi = "http://dx.doi.org/10.1016/j.jqsrt.2013.07.002",
url = "http://www.sciencedirect.com/science/article/pii/S0022407313002859",
author = "L.S. Rothman and I.E. Gordon and Y. Babikov and A. Barbe and D. Chris Benner and P.F. Bernath and M. Birk and L. Bizzocchi and V. Boudon and L.R. Brown and A. Campargue and K. Chance and E.A. Cohen and L.H. Coudert and V.M. Devi and B.J. Drouin and A. Fayt and J.-M. Flaud and R.R. Gamache and J.J. Harrison and J.-M. Hartmann and C. Hill and J.T. Hodges and D. Jacquemart and A. Jolly and J. Lamouroux and R.J. Le Roy and G. Li and D.A. Long and O.M. Lyulin and C.J. Mackie and S.T. Massie and S. Mikhailenko and H.S.P. Müller and O.V. Naumenko and A.V. Nikitin and J. Orphal and V. Perevalov and A. Perrin and E.R. Polovtseva and C. Richard and M.A.H. Smith and E. Starikova and K. Sung and S. Tashkun and J. Tennyson and G.C. Toon and Vl.G. Tyuterev and G. Wagner",
keywords = "HITRAN",
keywords = "Spectroscopic database",
keywords = "Molecular spectroscopy",
keywords = "Molecular absorption",
keywords = "Spectroscopic line parameters",
keywords = "Absorption cross-sections",
keywords = "Aerosols "
}



@ARTICLE{beichman14,
   author = {{Beichman}, C. and {Gelino}, C.~R. and {Kirkpatrick}, J.~D. and 
	{Cushing}, M.~C. and {Dodson-Robinson}, S. and {Marley}, M.~S. and 
	{Morley}, C.~V. and {Wright}, E.~L.},
    title = "{WISE Y Dwarfs as Probes of the Brown Dwarf-Exoplanet Connection}",
  journal = {\apj},
archivePrefix = "arXiv",
   eprint = {1401.1194},
 primaryClass = "astro-ph.SR",
 keywords = {astrometry, brown dwarfs, parallaxes, proper motions, solar neighborhood},
     year = 2014,
    month = mar,
   volume = 783,
      eid = {68},
    pages = {68},
      doi = {10.1088/0004-637X/783/2/68},
   adsurl = {http://adsabs.harvard.edu/abs/2014ApJ...783...68B},
  adsnote = {Provided by the SAO/NASA Astrophysics Data System}
}

@INPROCEEDINGS{trucks14,
   author = {{Trucks}, J. and {Cushing}, M. and {Hardegree-Ullman}, K. and 
	{Gelino}, C.~R. and {Kirkpatrick}, J.~D. and {Mace}, G.~N. and 
	{Gizis}, J. and {Marley}, M.~S. and {Morley}, C. and {Fortney}, J.~J.
	},
    title = "{Photometric Variability of Y Dwarfs}",
booktitle = {American Astronomical Society Meeting Abstracts 223},
     year = 2014,
   series = {American Astronomical Society Meeting Abstracts},
   volume = 223,
    month = jan,
    pages = {441.22},
   adsurl = {http://adsabs.harvard.edu/abs/2014AAS...22344122T},
  adsnote = {Provided by the SAO/NASA Astrophysics Data System}
}

@ARTICLE{rajan15,
   author = {{Rajan}, A. and {Patience}, J. and {Wilson}, P.~A. and {Bulger}, J. and 
	{De Rosa}, R.~J. and {Ward-Duong}, K. and {Morley}, C. and {Pont}, F. and 
	{Windhorst}, R.},
    title = "{The brown dwarf atmosphere monitoring (BAM) project - II. Multi-epoch monitoring of extremely cool brown dwarfs}",
  journal = {\mnras},
archivePrefix = "arXiv",
   eprint = {1502.01346},
 primaryClass = "astro-ph.SR",
 keywords = {brown dwarfs, stars: low-mass, stars: variables: general},
     year = 2015,
    month = apr,
   volume = 448,
    pages = {3775-3783},
      doi = {10.1093/mnras/stv181},
   adsurl = {http://adsabs.harvard.edu/abs/2015MNRAS.448.3775R},
  adsnote = {Provided by the SAO/NASA Astrophysics Data System}
}

@ARTICLE{triaud14,
   author = {{Triaud}, A.~H.~M.~J. and {Lanotte}, A.~A. and {Smalley}, B. and 
	{Gillon}, M.},
    title = "{Colour-magnitude diagrams of transiting Exoplanets - II. A larger sample from photometric distances}",
  journal = {\mnras},
archivePrefix = "arXiv",
   eprint = {1407.3044},
 primaryClass = "astro-ph.EP",
 keywords = {planets and satellites: atmospheres, binaries: eclipsing, brown dwarfs, stars: distances, Hertzsprung-Russell and colour-magnitude diagrams, planetary systems},
     year = 2014,
    month = oct,
   volume = 444,
    pages = {711-728},
      doi = {10.1093/mnras/stu1416},
   adsurl = {http://adsabs.harvard.edu/abs/2014MNRAS.444..711T},
  adsnote = {Provided by the SAO/NASA Astrophysics Data System}
}

@ARTICLE{dupuy12,
   author = {{Dupuy}, T.~J. and {Liu}, M.~C.},
    title = "{The Hawaii Infrared Parallax Program. I. Ultracool Binaries and the L/T Transition}",
  journal = {\apjs},
archivePrefix = "arXiv",
   eprint = {1201.2465},
 primaryClass = "astro-ph.SR",
 keywords = {astrometry, brown dwarfs, infrared: stars, parallaxes, proper motions, stars: low-mass},
     year = 2012,
    month = aug,
   volume = 201,
      eid = {19},
    pages = {19},
      doi = {10.1088/0067-0049/201/2/19},
   adsurl = {http://adsabs.harvard.edu/abs/2012ApJS..201...19D},
  adsnote = {Provided by the SAO/NASA Astrophysics Data System}
}

@book{binney98,
  title={Galactic Astronomy},
  author={Binney, J. and Merrifield, M.},
  isbn={9780691025650},
  lccn={98024385},
  series={Princeton paperbacks},
  url={https://books.google.co.uk/books?id=arYYRoYjKacC},
  year={1998},
  publisher={Princeton University Press}
}

@ARTICLE{leggett13,
   author = {{Leggett}, S.~K. and {Morley}, C.~V. and {Marley}, M.~S. and 
	{Saumon}, D. and {Fortney}, J.~J. and {Visscher}, C.},
    title = "{A Comparison of Near-infrared Photometry and Spectra for Y Dwarfs with a New Generation of Cool Cloudy Models}",
  journal = {\apj},
archivePrefix = "arXiv",
   eprint = {1212.1210},
 primaryClass = "astro-ph.SR",
 keywords = {brown dwarfs, stars: atmospheres },
     year = 2013,
    month = feb,
   volume = 763,
      eid = {130},
    pages = {130},
      doi = {10.1088/0004-637X/763/2/130},
   adsurl = {http://adsabs.harvard.edu/abs/2013ApJ...763..130L},
  adsnote = {Provided by the SAO/NASA Astrophysics Data System}
}

@ARTICLE{leggett12,
   author = {{Leggett}, S.~K. and {Saumon}, D. and {Marley}, M.~S. and {Lodders}, K. and 
	{Canty}, J. and {Lucas}, P. and {Smart}, R.~L. and {Tinney}, C.~G. and 
	{Homeier}, D. and {Allard}, F. and {Burningham}, B. and {Day-Jones}, A. and 
	{Fegley}, B. and {Ishii}, M. and {Jones}, H.~R.~A. and {Marocco}, F. and 
	{Pinfield}, D.~J. and {Tamura}, M.},
    title = "{The Properties of the 500 K Dwarf UGPS J072227.51-054031.2 and a Study of the Far-red Flux of Cold Brown Dwarfs}",
  journal = {\apj},
archivePrefix = "arXiv",
   eprint = {1201.2973},
 primaryClass = "astro-ph.SR",
 keywords = {brown dwarfs, line: profiles, stars: abundances},
     year = 2012,
    month = apr,
   volume = 748,
      eid = {74},
    pages = {74},
      doi = {10.1088/0004-637X/748/2/74},
   adsurl = {http://adsabs.harvard.edu/abs/2012ApJ...748...74L},
  adsnote = {Provided by the SAO/NASA Astrophysics Data System}
}

@ARTICLE{leggett09,
   author = {{Leggett}, S.~K. and {Cushing}, M.~C. and {Saumon}, D. and {Marley}, M.~S. and 
	{Roellig}, T.~L. and {Warren}, S.~J. and {Burningham}, B. and 
	{Jones}, H.~R.~A. and {Kirkpatrick}, J.~D. and {Lodieu}, N. and 
	{Lucas}, P.~W. and {Mainzer}, A.~K. and {Mart{\'{\i}}n}, E.~L. and 
	{McCaughrean}, M.~J. and {Pinfield}, D.~J. and {Sloan}, G.~C. and 
	{Smart}, R.~L. and {Tamura}, M. and {Van Cleve}, J.},
    title = "{The Physical Properties of Four \~{}600 K T Dwarfs}",
  journal = {\apj},
archivePrefix = "arXiv",
   eprint = {0901.4093},
 primaryClass = "astro-ph.SR",
 keywords = {stars: atmospheres, stars: individual: ULAS J003402.77{\ndash}005206.7 ULAS J133553.45+113005.2 2MASS J09393548{\ndash}2448279 CFBD J005910.82{\ndash}011401.3, stars: low-mass, brown dwarfs},
     year = 2009,
    month = apr,
   volume = 695,
    pages = {1517-1526},
      doi = {10.1088/0004-637X/695/2/1517},
   adsurl = {http://adsabs.harvard.edu/abs/2009ApJ...695.1517L},
  adsnote = {Provided by the SAO/NASA Astrophysics Data System}
}

@ARTICLE{vrba04,
   author = {{Vrba}, F.~J. and {Henden}, A.~A. and {Luginbuhl}, C.~B. and 
	{Guetter}, H.~H. and {Munn}, J.~A. and {Canzian}, B. and {Burgasser}, A.~J. and 
	{Kirkpatrick}, J.~D. and {Fan}, X. and {Geballe}, T.~R. and 
	{Golimowski}, D.~A. and {Knapp}, G.~R. and {Leggett}, S.~K. and 
	{Schneider}, D.~P. and {Brinkmann}, J.},
    title = "{Preliminary Parallaxes of 40 L and T Dwarfs from the US Naval Observatory Infrared Astrometry Program}",
  journal = {\aj},
   eprint = {astro-ph/0402272},
 keywords = {Astrometry, Stars: Color-Magnitude Diagrams, Stars: Distances, Stars: Late-Type, Stars: Low-Mass, Brown Dwarfs},
     year = 2004,
    month = may,
   volume = 127,
    pages = {2948-2968},
      doi = {10.1086/383554},
   adsurl = {http://adsabs.harvard.edu/abs/2004AJ....127.2948V},
  adsnote = {Provided by the SAO/NASA Astrophysics Data System}
}

@phdthesis{jaeminthesis,
	Author = {Lee, J.-M.},
	School = {University of Oxford},
	Title = {Retrieval of atmospheric structure and composition of exoplanets from transit spectroscopy},
	Year = {2012}}

@book{buldyreva2011collisional,
  title={Collisional Line Broadening and Shifting of Atmospheric Gases: A Practical Guide for Line Shape Modeling by Current Semi-classical Approaches},
  author={Buldyreva, J. and Lavrentieva, N. and Starikov, V.},
  isbn={9781848165960},
  url={https://books.google.co.uk/books?id=3AC\_m7H92agC},
  year={2011},
  publisher={Imperial College Press}
}



@article{peterson09,
	doi = {10.1504/ijcse.2009.029165},
	url = {http://dx.doi.org/10.1504/ijcse.2009.029165},
	year = 2009,
	publisher = {Inderscience Publishers},
	volume = {4},
	number = {4},
	pages = {296},
	author = {Pearu Peterson},
	title = {F2PY: a tool for connecting Fortran and Python programs},
	journal = {{IJCSE}}
}

@ARTICLE{wenger98,
   author = {{Wenger}, C. and {Champion}, J.~P.},
    title = "{Spherical Top Data System (STDS) software for the simulation of spherical top spectra.}",
  journal = {\jqsrt},
 keywords = {Molecular Spectra: Data Processing, Molecular Spectra: Numerical Simulations},
     year = 1998,
    month = may,
   volume = 59,
    pages = {471-480},
      doi = {10.1016/S0022-4073(97)00106-4},
   adsurl = {http://adsabs.harvard.edu/abs/1998JQSRT..59..471W},
  adsnote = {Provided by the SAO/NASA Astrophysics Data System}
}

@ARTICLE{helling08,
   author = {{Helling}, C. and {Ackerman}, A. and {Allard}, F. and {Dehn}, M. and 
	{Hauschildt}, P. and {Homeier}, D. and {Lodders}, K. and {Marley}, M. and 
	{Rietmeijer}, F. and {Tsuji}, T. and {Woitke}, P.},
    title = "{A comparison of chemistry and dust cloud formation in ultracool dwarf model atmospheres}",
  journal = {\mnras},
archivePrefix = "arXiv",
   eprint = {0809.3657},
 keywords = {stars: atmospheres , stars: low-mass, brown dwarfs},
     year = 2008,
    month = dec,
   volume = 391,
    pages = {1854-1873},
      doi = {10.1111/j.1365-2966.2008.13991.x},
   adsurl = {http://adsabs.harvard.edu/abs/2008MNRAS.391.1854H},
  adsnote = {Provided by the SAO/NASA Astrophysics Data System}
}


@ARTICLE{rimmer13,
   author = {{Rimmer}, P.~B. and {Helling}, C.},
    title = "{Ionization in Atmospheres of Brown Dwarfs and Extrasolar Planets. IV. The Effect of Cosmic Rays}",
  journal = {\apj},
archivePrefix = "arXiv",
   eprint = {1307.3257},
 primaryClass = "astro-ph.SR",
 keywords = {astroparticle physics, brown dwarfs, magnetic reconnection, planets and satellites: atmospheres, stars: atmospheres},
     year = 2013,
    month = sep,
   volume = 774,
      eid = {108},
    pages = {108},
      doi = {10.1088/0004-637X/774/2/108},
   adsurl = {http://adsabs.harvard.edu/abs/2013ApJ...774..108R},
  adsnote = {Provided by the SAO/NASA Astrophysics Data System}
}

@ARTICLE{stark13,
   author = {{Stark}, C.~R. and {Helling}, C. and {Diver}, D.~A. and {Rimmer}, P.~B.
	},
    title = "{Ionization in Atmospheres of Brown Dwarfs and Extrasolar Planets. V. Alfv{\'e}n Ionization}",
  journal = {\apj},
archivePrefix = "arXiv",
   eprint = {1308.2991},
 primaryClass = "astro-ph.SR",
 keywords = {brown dwarfs, magnetic fields, planets and satellites: atmospheres, plasmas, radiation mechanisms: general, stars: atmospheres},
     year = 2013,
    month = oct,
   volume = 776,
      eid = {11},
    pages = {11},
      doi = {10.1088/0004-637X/776/1/11},
   adsurl = {http://adsabs.harvard.edu/abs/2013ApJ...776...11S},
  adsnote = {Provided by the SAO/NASA Astrophysics Data System}
}


@ARTICLE{witte09,
   author = {{Witte}, S. and {Helling}, C. and {Hauschildt}, P.~H.},
    title = "{Dust in brown dwarfs and extra-solar planets. II. Cloud formation for cosmologically evolving abundances}",
  journal = {\aap},
archivePrefix = "arXiv",
   eprint = {0908.3597},
 primaryClass = "astro-ph.SR",
 keywords = {astrochemistry, methods: numerical, stars: atmospheres, stars: low-mass, brown dwarfs},
     year = 2009,
    month = nov,
   volume = 506,
    pages = {1367-1380},
      doi = {10.1051/0004-6361/200811501},
   adsurl = {http://adsabs.harvard.edu/abs/2009A%26A...506.1367W},
  adsnote = {Provided by the SAO/NASA Astrophysics Data System}
}


@INPROCEEDINGS{helling06,
   author = {{Helling}, C. and {Woitke}, P.},
    title = "{Time-dependent modelling of oxygen-rich dust formation}",
booktitle = {IAU Joint Discussion},
     year = 2006,
   series = {IAU Joint Discussion},
   volume = 11,
    month = aug,
    pages = {13},
   adsurl = {http://adsabs.harvard.edu/abs/2006IAUJD..11E..13H},
  adsnote = {Provided by the SAO/NASA Astrophysics Data System}
}

@ARTICLE{helling01,
   author = {{Helling}, C. and {Oevermann}, M. and {L{\"u}ttke}, M.~J.~H. and 
	{Klein}, R. and {Sedlmayr}, E.},
    title = "{Dust in brown dwarfs. I. Dust formation under turbulent conditions on microscopic scales}",
  journal = {\aap},
     year = 2001,
    month = sep,
   volume = 376,
    pages = {194-212},
      doi = {10.1051/0004-6361:20010937},
   adsurl = {http://adsabs.harvard.edu/abs/2001A%26A...376..194H},
  adsnote = {Provided by the SAO/NASA Astrophysics Data System}
}

@ARTICLE{ludwig02,
   author = {{Ludwig}, H.-G. and {Allard}, F. and {Hauschildt}, P.~H.},
    title = "{Numerical simulations of surface convection in a late M-dwarf}",
  journal = {\aap},
   eprint = {astro-ph/0208584},
 keywords = {convection, hydrodynamics, radiative transfer, stars: atmospheres, stars: late-type},
     year = 2002,
    month = nov,
   volume = 395,
    pages = {99-115},
      doi = {10.1051/0004-6361:20021153},
   adsurl = {http://adsabs.harvard.edu/abs/2002A%26A...395...99L},
  adsnote = {Provided by the SAO/NASA Astrophysics Data System}
}

@ARTICLE{allard13,
   author = {{Allard}, F. and {Homeier}, D. and {Freytag}, B. and {Schaffenberger} and 
	{}, W. and {Rajpurohit}, A.~S.},
    title = "{Progress in modeling very low mass stars, brown dwarfs, and planetary mass objects.}",
  journal = {Memorie della Societa Astronomica Italiana Supplementi},
archivePrefix = "arXiv",
   eprint = {1302.6559},
 primaryClass = "astro-ph.SR",
 keywords = {Stars: atmospheres, M dwarfs, Brown Dwarfs, Extrasolar Planets},
     year = 2013,
   volume = 24,
    pages = {128},
   adsurl = {http://adsabs.harvard.edu/abs/2013MSAIS..24..128A},
  adsnote = {Provided by the SAO/NASA Astrophysics Data System}
}


@ARTICLE{rossow78,
   author = {{Rossow}, W.~B.},
    title = "{Cloud microphysics - Analysis of the clouds of Earth, Venus, Mars, and Jupiter}",
  journal = {\icarus},
 keywords = {Atmospheric Composition, Cloud Physics, Earth Atmosphere, Jupiter Atmosphere, Mars Atmosphere, Venus Atmosphere, Aerosols, Ammonia, Atmospheric Physics, Cirrus Clouds, Condensation, Ice Clouds, Ice Formation, Nucleation, Particle Collisions, Sulfuric Acid, Water, TROPOSPHERE, CLOUDS, VENUS, MARS, JUPITER, EARTH, ATMOSPHERE, AMMONIA, WATER, ICE, GASES, AEROSOLS, CONDENSATION, DEFINITION, PARTICLES, SEDIMENTATION, PARTICLE INTERACTIONS, VAPORIZATION, DENSITY, COOLING, SULFURIC ACID, DUST STORMS, MODELS, STRATOSPHERE, SURFACE, TURBULENCE, SPHERULES},
     year = 1978,
    month = oct,
   volume = 36,
    pages = {1-50},
      doi = {10.1016/0019-1035(78)90072-6},
   adsurl = {http://adsabs.harvard.edu/abs/1978Icar...36....1R},
  adsnote = {Provided by the SAO/NASA Astrophysics Data System}
}

@article{nouri04,
title = "Temperature dependence of pressure broadening of \{NH3\} perturbed by \{H2\} and \{N2\} ",
journal = "Journal of Molecular Spectroscopy ",
volume = "227",
number = "1",
pages = "60 - 66",
year = "2004",
note = "",
issn = "0022-2852",
doi = "http://dx.doi.org/10.1016/j.jms.2004.05.009",
url = "http://www.sciencedirect.com/science/article/pii/S0022285204001560",
author = "S. Nouri and J. Orphal and H. Aroui and J.-M. Hartmann",
keywords = "Broadening coefficients",
keywords = "Temperature",
keywords = "Ammonia "
}

@article{moal86,
title = "\{N2\} and \{H2\} broadening parameters in the fundamental band of \{CO\} ",
journal = "Journal of Quantitative Spectroscopy and Radiative Transfer ",
volume = "35",
number = "2",
pages = "145 - 152",
year = "1986",
note = "",
issn = "0022-4073",
doi = "http://dx.doi.org/10.1016/0022-4073(86)90111-1",
url = "http://www.sciencedirect.com/science/article/pii/0022407386901111",
author = "M.F.Le Moal and F. Severin"
}

@Article{thibault00,
author ="Thibault, F. and Calil, B. and Boissoles, J. and Launay, J. M.",
title  ="Experimental and theoretical CO2-He pressure broadening cross sections",
journal  ="Phys. Chem. Chem. Phys.",
year  ="2000",
volume  ="2",
issue  ="23",
pages  ="5404-5410",
publisher  ="The Royal Society of Chemistry",
doi  ="10.1039/B006224N",
url  ="http://dx.doi.org/10.1039/B006224N",
}

@article{varanasi90,
title = "The temperature dependence of lineshifts, linewidths and line intensities of methane at low temperatures",
journal = "Journal of Quantitative Spectroscopy and Radiative Transfer",
volume = "43",
number = "1",
pages = "1 - 11",
year = "1990",
note = "",
issn = "0022-4073",
doi = "http://dx.doi.org/10.1016/0022-4073(90)90060-J",
url = "http://www.sciencedirect.com/science/article/pii/002240739090060J",
author = "Prasad Varanasi and Sury Chudamani",

}

@ARTICLE{bailey12,
   author = {{Bailey}, J. and {Kedziora-Chudczer}, L.},
    title = "{Modelling the spectra of planets, brown dwarfs and stars using VSTAR}",
  journal = {\mnras},
archivePrefix = "arXiv",
   eprint = {1109.3748},
 primaryClass = "astro-ph.EP",
 keywords = {radiative transfer, techniques: spectroscopic, planets and satellites: atmospheres, stars: atmospheres, brown dwarfs},
     year = 2012,
    month = jan,
   volume = 419,
    pages = {1913-1929},
      doi = {10.1111/j.1365-2966.2011.19845.x},
   adsurl = {http://adsabs.harvard.edu/abs/2012MNRAS.419.1913B},
  adsnote = {Provided by the SAO/NASA Astrophysics Data System}
}


@article{pine93,
title = "N2, O2, H2, Ar and He broadening in the ν1 band of NH3",
journal = "Journal of Quantitative Spectroscopy and Radiative Transfer",
volume = "50",
number = "4",
pages = "337 - 348",
year = "1993",
note = "",
issn = "0022-4073",
doi = "http://dx.doi.org/10.1016/0022-4073(93)90069-T",
url = "http://www.sciencedirect.com/science/article/pii/002240739390069T",
author = "A.S. Pine and V.N. Markov and G. Buffa and O. Tarrini",

}

@article{hadded01,
title = "Line Broadening and Mixing in \{NH3\} Inversion Doublets Perturbed by NH3, He, Ar, and \{H2\} ",
journal = "Journal of Molecular Spectroscopy ",
volume = "210",
number = "2",
pages = "275 - 283",
year = "2001",
note = "",
issn = "0022-2852",
doi = "http://dx.doi.org/10.1006/jmsp.2001.8452",
url = "http://www.sciencedirect.com/science/article/pii/S0022285201984528",
author = "S. Hadded and H. Aroui and J. Orphal and J.-P. Bouanich and J.-M. Hartmann"
}

@article{mantz05,
title = "A multispectrum analysis of widths and shifts in the 2010–2260 cm−1 region of 12C16O broadened by Helium at temperatures between 80 and 297 K ",
journal = "Journal of Molecular Structure ",
volume = "742",
number = "1–3",
pages = "99 - 110",
year = "2005",
issn = "0022-2860",
doi = "http://dx.doi.org/10.1016/j.molstruc.2004.11.094",
url = "http://www.sciencedirect.com/science/article/pii/S0022286005000682",
author = "A.W. Mantz and V. Malathy Devi and D. Chris Benner and M.A.H. Smith and A. Predoi-Cross and M. Dulick",
keywords = "Carbon monoxide",
keywords = "Fourier transform infrared (FTIR) spectroscopy",
keywords = "He-pressure broadening and shifts",
keywords = "Temperature dependences of widths and shifts "
}

@article{belbruno82,
title = "Helium and self-broadening in the first and second overtone bands of 12C16O ",
journal = "Journal of Molecular Spectroscopy ",
volume = "94",
number = "2",
pages = "336 - 342",
year = "1982",
note = "",
issn = "0022-2852",
doi = "http://dx.doi.org/10.1016/0022-2852(82)90009-1",
url = "http://www.sciencedirect.com/science/article/pii/0022285282900091",
author = "Joseph J. BelBruno and Jack Gelfand and William Radigan and Keith Verges"
}

@article{regaliajarlot05,
title = "Pressure-broadened line widths and pressure-induced line shifts coefficients of the (1-0) and (2-0) bands of ",
journal = "Journal of Quantitative Spectroscopy and Radiative Transfer ",
volume = "91",
number = "2",
pages = "121 - 131",
year = "2005",
note = "",
issn = "0022-4073",
doi = "http://dx.doi.org/10.1016/j.jqsrt.2004.05.042",
url = "http://www.sciencedirect.com/science/article/pii/S0022407304001992",
author = "L. Régalia-Jarlot and X. Thomas and P. Von der Heyden and A. Barbe",
keywords = "Carbon monoxide",
keywords = "Hydrogen-broadened line widths",
keywords = "Hydrogen-induced line shifts "
}



@ARTICLE{thibault92,
   author = {{Thibault}, F. and {Boissoles}, J. and {Le Doucen}, R. and {Bouanich}, J.~P. and 
	{Arcas}, P. and {Boulet}, C.},
    title = "{Pressure induced shifts of CO2 lines - Measurements in the 00(0)3-00(0)0 band and theoretical analysis}",
  journal = {\jcp},
 keywords = {Carbon Dioxide, Fourier Transformation, Infrared Spectroscopy, Rotational Spectra, Spectral Bands, Argon, Helium, Molecular Energy Levels, Nitrogen, Potential Energy, Raman Spectroscopy, Vibrational Spectra},
     year = 1992,
    month = apr,
   volume = 96,
    pages = {4945-4953},
      doi = {10.1063/1.462737},
   adsurl = {http://adsabs.harvard.edu/abs/1992JChPh..96.4945T},
  adsnote = {Provided by the SAO/NASA Astrophysics Data System}
}

@article{padmanabhan14,
title = "Study of pressure broadening effects of \{H2\} on \{CO2\} and \{CO\} in the near infrared region between 6317 and 6335 cm−1 at room temperature ",
journal = "Journal of Quantitative Spectroscopy and Radiative Transfer ",
volume = "133",
number = "",
pages = "81 - 90",
year = "2014",
note = "",
issn = "0022-4073",
doi = "http://dx.doi.org/10.1016/j.jqsrt.2013.07.016",
url = "http://www.sciencedirect.com/science/article/pii/S0022407313002999",
author = "A. Padmanabhan and T. Tzanetakis and A. Chanda and M.J. Thomson",
keywords = "Carbon dioxide",
keywords = "Carbon monoxide",
keywords = "Hydrogen pressure broadening coefficient",
keywords = "Near infrared tunable diode laser (NIR TDL) spectroscopy "
}

@article{margolis93,
title = "Hydrogen broadening and collision-induced line shifts of methane at 4200 cm-1 ",
journal = "Journal of Quantitative Spectroscopy and Radiative Transfer ",
volume = "49",
number = "1",
pages = "71 - 79",
year = "1993",
note = "",
issn = "0022-4073",
doi = "http://dx.doi.org/10.1016/0022-4073(93)90019-E",
url = "http://www.sciencedirect.com/science/article/pii/002240739390019E",
author = "Jack S. Margolis"
}

@article{pine92,
   author = "Pine, A. S.",
   title = "Self‐, N2, O2, H2, Ar, and He broadening in the ν3 band Q branch of CH4",
   journal = "The Journal of Chemical Physics",
   year = "1992",
   volume = "97",
   number = "2", 
   eid = ,
   pages = "773-785",
   url = "http://scitation.aip.org/content/aip/journal/jcp/97/2/10.1063/1.463943",
   doi = "http://dx.doi.org/10.1063/1.463943" 
}

@article{steyert04,
title = "Hydrogen and helium pressure broadening of water transitions in the 380–600 cm−1 region ",
journal = "Journal of Quantitative Spectroscopy and Radiative Transfer ",
volume = "83",
number = "2",
pages = "183 - 191",
year = "2004",
note = "",
issn = "0022-4073",
doi = "http://dx.doi.org/10.1016/S0022-4073(02)00300-X",
url = "http://www.sciencedirect.com/science/article/pii/S002240730200300X",
author = "David W. Steyert and W.F. Wang and J.Marcos Sirota and Neil M. Donahue and Dennis C. Reuter",
keywords = "Water vapor",
keywords = "Infrared",
keywords = "Linewidths",
keywords = "Rotational transitions",
keywords = "Giant planets "
}

@article{solodov09,
author = { A.M.   Solodov  and  V.I.   Starikov },
title = {Helium-induced halfwidths and line shifts of water vapor transitions of the ν 1 + ν 2 and ν 2 + ν 3 bands},
journal = {Molecular Physics},
volume = {107},
number = {1},
pages = {43-51},
year = {2009},
doi = {10.1080/00268970802698655},

URL = { 
        http://dx.doi.org/10.1080/00268970802698655
    
},
eprint = { 
        http://dx.doi.org/10.1080/00268970802698655
    
}

}


@article{gamache96,
title = "Theoretical calculations of pressure broadening coefficients for \{H2O\} perturbed by Hydrogen or helium gas ",
journal = "Journal of Quantitative Spectroscopy and Radiative Transfer ",
volume = "56",
number = "4",
pages = "471 - 487",
year = "1996",
note = "",
issn = "0022-4073",
doi = "http://dx.doi.org/10.1016/0022-4073(96)00098-2",
url = "http://www.sciencedirect.com/science/article/pii/0022407396000982",
author = "Robert R. Gamache and Richard Lynch and Linda R. Brown"
}


@ARTICLE{sauval84,
   author = {{Sauval}, A.~J. and {Tatum}, J.~B.},
    title = "{A set of partition functions and equilibrium constants for 300 diatomic molecules of astrophysical interest}",
  journal = {\apjs},
 keywords = {Chemical Equilibrium, Cosmochemistry, Diatomic Molecules, Molecular Spectra, Partitions (Mathematics), Tables (Data), Abundance, Molecular Ions, Polynomials},
     year = 1984,
    month = oct,
   volume = 56,
    pages = {193-209},
      doi = {10.1086/190980},
   adsurl = {http://adsabs.harvard.edu/abs/1984ApJS...56..193S},
  adsnote = {Provided by the SAO/NASA Astrophysics Data System}
}


@article{rothman09,
title = "The \{HITRAN\} 2008 molecular spectroscopic database ",
journal = "Journal of Quantitative Spectroscopy and Radiative Transfer ",
volume = "110",
number = "9–10",
pages = "533 - 572",
year = "2009",
note = "\{HITRAN\} ",
issn = "0022-4073",
doi = "http://dx.doi.org/10.1016/j.jqsrt.2009.02.013",
url = "http://www.sciencedirect.com/science/article/pii/S0022407309000727",
author = "L.S. Rothman and I.E. Gordon and A. Barbe and D.Chris Benner and P.F. Bernath and M. Birk and V. Boudon and L.R. Brown and A. Campargue and J.-P. Champion and K. Chance and L.H. Coudert and V. Dana and V.M. Devi and S. Fally and J.-M. Flaud and R.R. Gamache and A. Goldman and D. Jacquemart and I. Kleiner and N. Lacome and W.J. Lafferty and J.-Y. Mandin and S.T. Massie and S.N. Mikhailenko and C.E. Miller and N. Moazzen-Ahmadi and O.V. Naumenko and A.V. Nikitin and J. Orphal and V.I. Perevalov and A. Perrin and A. Predoi-Cross and C.P. Rinsland and M. Rotger and M. Šimečková and M.A.H. Smith and K. Sung and S.A. Tashkun and J. Tennyson and R.A. Toth and A.C. Vandaele and J. Vander Auwera",
keywords = "HITRAN",
keywords = "Spectroscopic database",
keywords = "Molecular spectroscopy",
keywords = "Molecular absorption",
keywords = "Spectroscopic line parameters",
keywords = "Absorption cross-sections",
keywords = "Aerosols "
}



@ARTICLE{amundsen14,
   author = {{Amundsen}, D.~S. and {Baraffe}, I. and {Tremblin}, P. and {Manners}, J. and 
	{Hayek}, W. and {Mayne}, N.~J. and {Acreman}, D.~M.},
    title = "{Accuracy tests of radiation schemes used in hot Jupiter global circulation models}",
  journal = {\aap},
archivePrefix = "arXiv",
   eprint = {1402.0814},
 primaryClass = "astro-ph.EP",
 keywords = {radiative transfer, opacity, planets and satellites: atmospheres, planets and satellites: gaseous planets},
     year = 2014,
    month = apr,
   volume = 564,
      eid = {A59},
    pages = {A59},
      doi = {10.1051/0004-6361/201323169},
   adsurl = {http://adsabs.harvard.edu/abs/2014A%26A...564A..59A},
  adsnote = {Provided by the SAO/NASA Astrophysics Data System}
}


@ARTICLE{kupka00,
   author = {{Kupka}, F.~G. and {Ryabchikova}, T.~A. and {Piskunov}, N.~E. and 
	{Stempels}, H.~C. and {Weiss}, W.~W.},
    title = "{VALD-2 -- The New Vienna Atomic Line Database}",
  journal = {Baltic Astronomy},
 keywords = {ATOMIC DATA, METHODS: SPECTROSCOPIC, STARS: ABUNDANCES, STARS: CHEMICALLY PECULIAR},
     year = 2000,
   volume = 9,
    pages = {590-594},
   adsurl = {http://adsabs.harvard.edu/abs/2000BaltA...9..590K},
  adsnote = {Provided by the SAO/NASA Astrophysics Data System}
}

@misc{freedmanpriv,
  author = "Freedman, R. S."
  date = "2012",
  howpublished = "personal communication"
}

@ARTICLE{tashkun11,
   author = {{Tashkun}, S.~A. and {Perevalov}, V.~I.},
    title = "{CDSD-4000: High-resolution, high-temperature carbon dioxide spectroscopic databank}",
  journal = {\jqsrt},
     year = 2011,
    month = jun,
   volume = 112,
    pages = {1403-1410},
      doi = {10.1016/j.jqsrt.2011.03.005},
   adsurl = {http://adsabs.harvard.edu/abs/2011JQSRT.112.1403T},
  adsnote = {Provided by the SAO/NASA Astrophysics Data System}
}

@ARTICLE{yurchenko11,
   author = {{Yurchenko}, S.~N. and {Barber}, R.~J. and {Tennyson}, J.},
    title = "{A variationally computed line list for hot NH$_{3}$}",
  journal = {\mnras},
archivePrefix = "arXiv",
   eprint = {1011.1569},
 primaryClass = "astro-ph.EP",
 keywords = {molecular data, subdwarfs, infrared: planetary systems},
     year = 2011,
    month = may,
   volume = 413,
    pages = {1828-1834},
      doi = {10.1111/j.1365-2966.2011.18261.x},
   adsurl = {http://adsabs.harvard.edu/abs/2011MNRAS.413.1828Y},
  adsnote = {Provided by the SAO/NASA Astrophysics Data System}
}


@ARTICLE{yurchenko14,
   author = {{Yurchenko}, S.~N. and {Tennyson}, J.},
    title = "{ExoMol line lists - IV. The rotation-vibration spectrum of methane up to 1500 K}",
  journal = {\mnras},
archivePrefix = "arXiv",
   eprint = {1401.4852},
 primaryClass = "astro-ph.EP",
 keywords = {molecular data, opacity, astronomical data bases: miscellaneous, planets and satellites: atmospheres, stars: low-mass},
     year = 2014,
    month = may,
   volume = 440,
    pages = {1649-1661},
      doi = {10.1093/mnras/stu326},
   adsurl = {http://adsabs.harvard.edu/abs/2014MNRAS.440.1649Y},
  adsnote = {Provided by the SAO/NASA Astrophysics Data System}
}

@ARTICLE{barber06,
   author = {{Barber}, R.~J. and {Tennyson}, J. and {Harris}, G.~J. and {Tolchenov}, R.~N.
	},
    title = "{A high-accuracy computed water line list}",
  journal = {\mnras},
   eprint = {astro-ph/0601236},
 keywords = {line: identification: molecular data: radiation mechanisms: general: comets: general: stars: low-mass, brown dwarfs: infrared: general, line: identification, molecular data, radiation mechanisms: general, comets: general, stars: low-mass, brown dwarfs, infrared: general},
     year = 2006,
    month = may,
   volume = 368,
    pages = {1087-1094},
      doi = {10.1111/j.1365-2966.2006.10184.x},
   adsurl = {http://adsabs.harvard.edu/abs/2006MNRAS.368.1087B},
  adsnote = {Provided by the SAO/NASA Astrophysics Data System}
}

@article{Rothman10,
title = "HITEMP, the high-temperature molecular spectroscopic database ",
journal = "Journal of Quantitative Spectroscopy and Radiative Transfer ",
volume = "111",
number = "15",
pages = "2139 - 2150",
year = "2010",
note = "\{XVIth\} Symposium on High Resolution Molecular Spectroscopy (HighRus-2009)XVIth Symposium on High Resolution Molecular Spectroscopy ",
issn = "0022-4073",
doi = "http://dx.doi.org/10.1016/j.jqsrt.2010.05.001",
url = "http://www.sciencedirect.com/science/article/pii/S002240731000169X",
author = "L.S. Rothman and I.E. Gordon and R.J. Barber and H. Dothe and R.R. Gamache and A. Goldman and V.I. Perevalov and S.A. Tashkun and J. Tennyson",
keywords = "Spectroscopic database",
keywords = "Molecular spectroscopy",
keywords = "Molecular absorption",
keywords = "Line parameters",
keywords = "High-temperature spectroscopy",
keywords = "HITEMP "
}



@ARTICLE{tennyson12,
   author = {{Tennyson}, J. and {Yurchenko}, S.~N.},
    title = "{ExoMol: molecular line lists for exoplanet and other atmospheres}",
  journal = {\mnras},
archivePrefix = "arXiv",
   eprint = {1204.0124},
 primaryClass = "astro-ph.EP",
 keywords = {molecular data, opacity, astronomical data bases: miscellaneous, planets and satellites: atmospheres, stars: low-mass },
     year = 2012,
    month = sep,
   volume = 425,
    pages = {21-33},
      doi = {10.1111/j.1365-2966.2012.21440.x},
   adsurl = {http://adsabs.harvard.edu/abs/2012MNRAS.425...21T},
  adsnote = {Provided by the SAO/NASA Astrophysics Data System}
}

@BOOK{thomas02,
   author = {{Thomas}, G.~E. and {Stamnes}, K.},
    title = "{Radiative Transfer in the Atmosphere and Ocean}",
booktitle = {Radiative Transfer in the Atmosphere and Ocean, by Gary E.~Thomas and Knut Stamnes, pp.~546.~ISBN 0521890616.~Cambridge, UK: Cambridge University Press, January 2002.},
     year = 2002,
    month = jan,
   adsurl = {http://adsabs.harvard.edu/abs/2002rtao.book.....T},
  adsnote = {Provided by the SAO/NASA Astrophysics Data System}
}

@ARTICLE{freedman08,
   author = {{Freedman}, R.~S. and {Marley}, M.~S. and {Lodders}, K.},
    title = "{Line and Mean Opacities for Ultracool Dwarfs and Extrasolar Planets}",
  journal = {\apjs},
archivePrefix = "arXiv",
   eprint = {0706.2374},
 keywords = {Line: Profiles, Molecular Data, Stars: Atmospheres, Stars: Low-Mass, Brown Dwarfs},
     year = 2008,
    month = feb,
   volume = 174,
    pages = {504-513},
      doi = {10.1086/521793},
   adsurl = {http://adsabs.harvard.edu/abs/2008ApJS..174..504F},
  adsnote = {Provided by the SAO/NASA Astrophysics Data System}
}

@article{rothman09,
title = "The \{HITRAN\} 2008 molecular spectroscopic database ",
journal = "Journal of Quantitative Spectroscopy and Radiative Transfer ",
volume = "110",
number = "9–10",
pages = "533 - 572",
year = "2009",
note = "\{HITRAN\} ",
issn = "0022-4073",
doi = "http://dx.doi.org/10.1016/j.jqsrt.2009.02.013",
url = "http://www.sciencedirect.com/science/article/pii/S0022407309000727",
author = "L.S. Rothman and I.E. Gordon and A. Barbe and D.Chris Benner and P.F. Bernath and M. Birk and V. Boudon and L.R. Brown and A. Campargue and J.-P. Champion and K. Chance and L.H. Coudert and V. Dana and V.M. Devi and S. Fally and J.-M. Flaud and R.R. Gamache and A. Goldman and D. Jacquemart and I. Kleiner and N. Lacome and W.J. Lafferty and J.-Y. Mandin and S.T. Massie and S.N. Mikhailenko and C.E. Miller and N. Moazzen-Ahmadi and O.V. Naumenko and A.V. Nikitin and J. Orphal and V.I. Perevalov and A. Perrin and A. Predoi-Cross and C.P. Rinsland and M. Rotger and M. Šimečková and M.A.H. Smith and K. Sung and S.A. Tashkun and J. Tennyson and R.A. Toth and A.C. Vandaele and J. Vander Auwera",
keywords = "HITRAN",
keywords = "Spectroscopic database",
keywords = "Molecular spectroscopy",
keywords = "Molecular absorption",
keywords = "Spectroscopic line parameters",
keywords = "Absorption cross-sections",
keywords = "Aerosols "
}



@ARTICLE{sharp07,
   author = {{Sharp}, C.~M. and {Burrows}, A.},
    title = "{Atomic and Molecular Opacities for Brown Dwarf and Giant Planet Atmospheres}",
  journal = {\apjs},
   eprint = {astro-ph/0607211},
 keywords = {Infrared: Stars, Stars: Atmospheres, Stars: Fundamental Parameters, Stars: Low-Mass, Brown Dwarfs},
     year = 2007,
    month = jan,
   volume = 168,
    pages = {140-166},
      doi = {10.1086/508708},
   adsurl = {http://adsabs.harvard.edu/abs/2007ApJS..168..140S},
  adsnote = {Provided by the SAO/NASA Astrophysics Data System}
}

@ARTICLE{barstow14,
   author = {{Barstow}, J.~K. and {Aigrain}, S. and {Irwin}, P.~G.~J. and 
	{Hackler}, T. and {Fletcher}, L.~N. and {Lee}, J.~M. and {Gibson}, N.~P.
	},
    title = "{Clouds on the Hot Jupiter HD189733b: Constraints from the Reflection Spectrum}",
  journal = {\apj},
archivePrefix = "arXiv",
   eprint = {1403.6664},
 primaryClass = "astro-ph.EP",
 keywords = {methods: data analysis, planets and satellites: atmospheres, radiative transfer},
     year = 2014,
    month = may,
   volume = 786,
      eid = {154},
    pages = {154},
      doi = {10.1088/0004-637X/786/2/154},
   adsurl = {http://adsabs.harvard.edu/abs/2014ApJ...786..154B},
  adsnote = {Provided by the SAO/NASA Astrophysics Data System}
}

@ARTICLE{jaemin14,
   author = {{Lee}, J.-M. and {Irwin}, P.~G.~J. and {Fletcher}, L.~N. and 
	{Heng}, K. and {Barstow}, J.~K.},
    title = "{Constraining the Atmospheric Composition of the Day-Night Terminators of HD 189733b: Atmospheric Retrieval with Aerosols}",
  journal = {\apj},
archivePrefix = "arXiv",
   eprint = {1310.5868},
 primaryClass = "astro-ph.EP",
 keywords = {planets and satellites: atmospheres},
     year = 2014,
    month = jul,
   volume = 789,
      eid = {14},
    pages = {14},
      doi = {10.1088/0004-637X/789/1/14},
   adsurl = {http://adsabs.harvard.edu/abs/2014ApJ...789...14L},
  adsnote = {Provided by the SAO/NASA Astrophysics Data System}
}


@ARTICLE{dekok08,
   author = {{de Kok}, R. and {Irwin}, P.~G.~J. and {Teanby}, N.~A.},
    title = "{Condensation in Titan's stratosphere during polar winter}",
  journal = {\icarus},
     year = 2008,
    month = oct,
   volume = 197,
    pages = {572-578},
      doi = {10.1016/j.icarus.2008.05.024},
   adsurl = {http://adsabs.harvard.edu/abs/2008Icar..197..572D},
  adsnote = {Provided by the SAO/NASA Astrophysics Data System}
}

@ARTICLE{irwin04,
   author = {{Irwin}, P.~G.~J. and {Parrish}, P. and {Fouchet}, T. and {Calcutt}, S.~B. and 
	{Taylor}, F.~W. and {Simon-Miller}, A.~A. and {Nixon}, C.~A.
	},
    title = "{Retrievals of jovian tropospheric phosphine from Cassini/CIRS}",
  journal = {\icarus},
 keywords = {Jupiter, Atmosphere, composition, Radiative transfer, Infrared observations},
     year = 2004,
    month = nov,
   volume = 172,
    pages = {37-49},
      doi = {10.1016/j.icarus.2003.09.027},
   adsurl = {http://adsabs.harvard.edu/abs/2004Icar..172...37I},
  adsnote = {Provided by the SAO/NASA Astrophysics Data System}
}

@ARTICLE{fletcher12,
   author = {{Fletcher}, L.~N. and {Hesman}, B.~E. and {Achterberg}, R.~K. and 
	{Irwin}, P.~G.~J. and {Bjoraker}, G. and {Gorius}, N. and {Hurley}, J. and 
	{Sinclair}, J. and {Orton}, G.~S. and {Legarreta}, J. and {Garc{\'{\i}}a-Melendo}, E. and 
	{S{\'a}nchez-Lavega}, A. and {Read}, P.~L. and {Simon-Miller}, A.~A. and 
	{Flasar}, F.~M.},
    title = "{The origin and evolution of Saturn{\rsquo}s 2011-2012 stratospheric vortex}",
  journal = {\icarus},
     year = 2012,
    month = nov,
   volume = 221,
    pages = {560-586},
      doi = {10.1016/j.icarus.2012.08.024},
   adsurl = {http://adsabs.harvard.edu/abs/2012Icar..221..560F},
  adsnote = {Provided by the SAO/NASA Astrophysics Data System}
}


@ARTICLE{giles15,
   author = {{Giles}, R.~S. and {Fletcher}, L.~N. and {Irwin}, P.~G.~J.},
    title = "{Cloud structure and composition of Jupiter's troposphere from 5- {$\mu$} m Cassini VIMS spectroscopy}",
  journal = {\icarus},
archivePrefix = "arXiv",
   eprint = {1506.01608},
 primaryClass = "astro-ph.EP",
 keywords = {Jupiter, Atmospheres, composition, Atmospheres, structure},
     year = 2015,
    month = sep,
   volume = 257,
    pages = {457-470},
      doi = {10.1016/j.icarus.2015.05.030},
   adsurl = {http://adsabs.harvard.edu/abs/2015Icar..257..457G},
  adsnote = {Provided by the SAO/NASA Astrophysics Data System}
}

@ARTICLE{nemesis08,
   author = {{Irwin}, P.~G.~J. and {Teanby}, N.~A. and {de Kok}, R. and {Fletcher}, L.~N. and 
	{Howett}, C.~J.~A. and {Tsang}, C.~C.~C. and {Wilson}, C.~F. and 
	{Calcutt}, S.~B. and {Nixon}, C.~A. and {Parrish}, P.~D.},
    title = "{The NEMESIS planetary atmosphere radiative transfer and retrieval tool}",
  journal = {\jqsrt},
     year = 2008,
    month = apr,
   volume = 109,
    pages = {1136-1150},
      doi = {10.1016/j.jqsrt.2007.11.006},
   adsurl = {http://adsabs.harvard.edu/abs/2008JQSRT.109.1136I},
  adsnote = {Provided by the SAO/NASA Astrophysics Data System}
}

@ARTICLE{morley14a,
   author = {{Morley}, C.~V. and {Marley}, M.~S. and {Fortney}, J.~J. and 
	{Lupu}, R. and {Saumon}, D. and {Greene}, T. and {Lodders}, K.
	},
    title = "{Water Clouds in Y Dwarfs and Exoplanets}",
  journal = {\apj},
archivePrefix = "arXiv",
   eprint = {1404.0005},
 primaryClass = "astro-ph.SR",
 keywords = {brown dwarfs, planets and satellites: atmospheres, planets and satellites: detection, stars: atmospheres},
     year = 2014,
    month = may,
   volume = 787,
      eid = {78},
    pages = {78},
      doi = {10.1088/0004-637X/787/1/78},
   adsurl = {http://adsabs.harvard.edu/abs/2014ApJ...787...78M},
  adsnote = {Provided by the SAO/NASA Astrophysics Data System}
}

@ARTICLE{morley14b,
   author = {{Morley}, C.~V. and {Marley}, M.~S. and {Fortney}, J.~J. and 
	{Lupu}, R.},
    title = "{Spectral Variability from the Patchy Atmospheres of T and Y Dwarfs}",
  journal = {\apjl},
archivePrefix = "arXiv",
   eprint = {1406.0863},
 primaryClass = "astro-ph.SR",
 keywords = {brown dwarfs, planets and satellites: atmospheres, stars: atmospheres},
     year = 2014,
    month = jul,
   volume = 789,
      eid = {L14},
    pages = {L14},
      doi = {10.1088/2041-8205/789/1/L14},
   adsurl = {http://adsabs.harvard.edu/abs/2014ApJ...789L..14M},
  adsnote = {Provided by the SAO/NASA Astrophysics Data System}
}


@ARTICLE{zhang14,
   author = {{Zhang}, X. and {Showman}, A.~P.},
    title = "{Atmospheric Circulation of Brown Dwarfs: Jets, Vortices, and Time Variability}",
  journal = {\apjl},
archivePrefix = "arXiv",
   eprint = {1403.2143},
 primaryClass = "astro-ph.EP",
 keywords = {brown dwarfs, methods: numerical, stars: atmospheres, stars: low-mass},
     year = 2014,
    month = jun,
   volume = 788,
      eid = {L6},
    pages = {L6},
      doi = {10.1088/2041-8205/788/1/L6},
   adsurl = {http://adsabs.harvard.edu/abs/2014ApJ...788L...6Z},
  adsnote = {Provided by the SAO/NASA Astrophysics Data System}
}

@ARTICLE{robinson14,
   author = {{Robinson}, T.~D. and {Marley}, M.~S.},
    title = "{Temperature Fluctuations as a Source of Brown Dwarf Variability}",
  journal = {\apj},
archivePrefix = "arXiv",
   eprint = {1403.2438},
 primaryClass = "astro-ph.SR",
 keywords = {brown dwarfs, convection, radiation mechanisms: thermal, stars: atmospheres},
     year = 2014,
    month = apr,
   volume = 785,
      eid = {158},
    pages = {158},
      doi = {10.1088/0004-637X/785/2/158},
   adsurl = {http://adsabs.harvard.edu/abs/2014ApJ...785..158R},
  adsnote = {Provided by the SAO/NASA Astrophysics Data System}
}

@ARTICLE{chabrier06,
   author = {{Chabrier}, G. and {K{\"u}ker}, M.},
    title = "{Large-scale {$\alpha$}\^{}2-dynamo in low-mass stars and brown dwarfs}",
  journal = {\aap},
   eprint = {astro-ph/0510075},
 keywords = {magnetohydrodynamics (MHD), turbulence, stars: activity, stars: chromosphere, stars: low mass, brown dwarfs},
     year = 2006,
    month = feb,
   volume = 446,
    pages = {1027-1037},
      doi = {10.1051/0004-6361:20042475},
   adsurl = {http://adsabs.harvard.edu/abs/2006A%26A...446.1027C},
  adsnote = {Provided by the SAO/NASA Astrophysics Data System}
}

@ARTICLE{gelino02,
   author = {{Gelino}, C.~R. and {Marley}, M.~S. and {Holtzman}, J.~A. and 
	{Ackerman}, A.~S. and {Lodders}, K.},
    title = "{L Dwarf Variability: I-Band Observations}",
  journal = {\apj},
   eprint = {astro-ph/0205305},
 keywords = {Stars: Atmospheres, Stars: Low-Mass, Brown Dwarfs},
     year = 2002,
    month = sep,
   volume = 577,
    pages = {433-446},
      doi = {10.1086/342150},
   adsurl = {http://adsabs.harvard.edu/abs/2002ApJ...577..433G},
  adsnote = {Provided by the SAO/NASA Astrophysics Data System}
}

@ARTICLE{mohanty02,
   author = {{Mohanty}, S. and {Basri}, G. and {Shu}, F. and {Allard}, F. and 
	{Chabrier}, G.},
    title = "{Activity in Very Cool Stars: Magnetic Dissipation in Late M and L Dwarf Atmospheres}",
  journal = {\apj},
   eprint = {astro-ph/0201518},
 keywords = {Diffusion, Magnetic Fields, Stars: Fundamental Parameters, Stars: Low-Mass, Brown Dwarfs, Stars: Magnetic Fields},
     year = 2002,
    month = may,
   volume = 571,
    pages = {469-486},
      doi = {10.1086/339911},
   adsurl = {http://adsabs.harvard.edu/abs/2002ApJ...571..469M},
  adsnote = {Provided by the SAO/NASA Astrophysics Data System}
}

@ARTICLE{route12,
   author = {{Route}, M. and {Wolszczan}, A.},
    title = "{The Arecibo Detection of the Coolest Radio-flaring Brown Dwarf}",
  journal = {\apjl},
archivePrefix = "arXiv",
   eprint = {1202.1287},
 primaryClass = "astro-ph.SR",
 keywords = {brown dwarfs, radiation mechanisms: non-thermal, radio continuum: planetary systems, radio continuum: stars, stars: activity, stars: magnetic field},
     year = 2012,
    month = mar,
   volume = 747,
      eid = {L22},
    pages = {L22},
      doi = {10.1088/2041-8205/747/2/L22},
   adsurl = {http://adsabs.harvard.edu/abs/2012ApJ...747L..22R},
  adsnote = {Provided by the SAO/NASA Astrophysics Data System}
}

@ARTICLE{berger10,
   author = {{Berger}, E. and {Basri}, G. and {Fleming}, T.~A. and {Giampapa}, M.~S. and 
	{Gizis}, J.~E. and {Liebert}, J. and {Mart{\'{\i}}n}, E. and 
	{Phan-Bao}, N. and {Rutledge}, R.~E.},
    title = "{Simultaneous Multi-Wavelength Observations of Magnetic Activity in Ultracool Dwarfs. III. X-ray, Radio, and H{$\alpha$} Activity Trends in M and L dwarfs}",
  journal = {\apj},
archivePrefix = "arXiv",
   eprint = {0909.4783},
 primaryClass = "astro-ph.SR",
 keywords = {brown dwarfs, radio continuum: stars, stars: activity, stars: low-mass, stars: magnetic fields},
     year = 2010,
    month = jan,
   volume = 709,
    pages = {332-341},
      doi = {10.1088/0004-637X/709/1/332},
   adsurl = {http://adsabs.harvard.edu/abs/2010ApJ...709..332B},
  adsnote = {Provided by the SAO/NASA Astrophysics Data System}
}

@ARTICLE{hallinan08,
   author = {{Hallinan}, G. and {Antonova}, A. and {Doyle}, J.~G. and {Bourke}, S. and 
	{Lane}, C. and {Golden}, A.},
    title = "{Confirmation of the Electron Cyclotron Maser Instability as the Dominant Source of Radio Emission from Very Low Mass Stars and Brown Dwarfs}",
  journal = {\apj},
archivePrefix = "arXiv",
   eprint = {0805.4010},
 keywords = {Stars: Pulsars: General, Radiation Mechanisms: Nonthermal, Radio Continuum: Stars, Stars: Activity, Stars: Low-Mass, Brown Dwarfs, Stars: Magnetic Fields},
     year = 2008,
    month = sep,
   volume = 684,
    pages = {644-653},
      doi = {10.1086/590360},
   adsurl = {http://adsabs.harvard.edu/abs/2008ApJ...684..644H},
  adsnote = {Provided by the SAO/NASA Astrophysics Data System}
}

@ARTICLE{apai13,
   author = {{Apai}, D. and {Radigan}, J. and {Buenzli}, E. and {Burrows}, A. and 
	{Reid}, I.~N. and {Jayawardhana}, R.},
    title = "{HST Spectral Mapping of L/T Transition Brown Dwarfs Reveals Cloud Thickness Variations}",
  journal = {\apj},
archivePrefix = "arXiv",
   eprint = {1303.4151},
 primaryClass = "astro-ph.EP",
 keywords = {brown dwarfs, planetary systems, planets and satellites: individual: Jupiter, stars: atmospheres, stars: low-mass, starspots },
     year = 2013,
    month = may,
   volume = 768,
      eid = {121},
    pages = {121},
      doi = {10.1088/0004-637X/768/2/121},
   adsurl = {http://adsabs.harvard.edu/abs/2013ApJ...768..121A},
  adsnote = {Provided by the SAO/NASA Astrophysics Data System}
}

@ARTICLE{radigan14,
   author = {{Radigan}, J. and {Lafreni{\`e}re}, D. and {Jayawardhana}, R. and 
	{Artigau}, E.},
    title = "{Strong Brightness Variations Signal Cloudy-to-clear Transition of Brown Dwarfs}",
  journal = {\apj},
archivePrefix = "arXiv",
   eprint = {1404.3247},
 primaryClass = "astro-ph.SR",
 keywords = {brown dwarfs, stars: variables: general},
     year = 2014,
    month = oct,
   volume = 793,
      eid = {75},
    pages = {75},
      doi = {10.1088/0004-637X/793/2/75},
   adsurl = {http://adsabs.harvard.edu/abs/2014ApJ...793...75R},
  adsnote = {Provided by the SAO/NASA Astrophysics Data System}
}

@ARTICLE{biller13,
   author = {{Biller}, B.~A. and {Crossfield}, I.~J.~M. and {Mancini}, L. and 
	{Ciceri}, S. and {Southworth}, J. and {Kopytova}, T.~G. and 
	{Bonnefoy}, M. and {Deacon}, N.~R. and {Schlieder}, J.~E. and 
	{Buenzli}, E. and {Brandner}, W. and {Allard}, F. and {Homeier}, D. and 
	{Freytag}, B. and {Bailer-Jones}, C.~A.~L. and {Greiner}, J. and 
	{Henning}, T. and {Goldman}, B.},
    title = "{Weather on the Nearest Brown Dwarfs: Resolved Simultaneous Multi-wavelength Variability Monitoring of WISE J104915.57-531906.1AB}",
  journal = {\apjl},
archivePrefix = "arXiv",
   eprint = {1310.5144},
 primaryClass = "astro-ph.SR",
 keywords = {brown dwarfs, stars: low-mass},
     year = 2013,
    month = nov,
   volume = 778,
      eid = {L10},
    pages = {L10},
      doi = {10.1088/2041-8205/778/1/L10},
   adsurl = {http://adsabs.harvard.edu/abs/2013ApJ...778L..10B},
  adsnote = {Provided by the SAO/NASA Astrophysics Data System}
}

@ARTICLE{gillon13,
   author = {{Gillon}, M. and {Triaud}, A.~H.~M.~J. and {Jehin}, E. and {Delrez}, L. and 
	{Opitom}, C. and {Magain}, P. and {Lendl}, M. and {Queloz}, D.
	},
    title = "{Fast-evolving weather for the coolest of our two new substellar neighbours}",
  journal = {\aap},
archivePrefix = "arXiv",
   eprint = {1304.0481},
 primaryClass = "astro-ph.SR",
 keywords = {brown dwarfs, stars: individual: WISE-J104915.57-531906.1, solar neighborhood, techniques: photometric},
     year = 2013,
    month = jul,
   volume = 555,
      eid = {L5},
    pages = {L5},
      doi = {10.1051/0004-6361/201321620},
   adsurl = {http://adsabs.harvard.edu/abs/2013A%26A...555L...5G},
  adsnote = {Provided by the SAO/NASA Astrophysics Data System}
}

@ARTICLE{girardin13,
   author = {{Girardin}, F. and {Artigau}, {\'E}. and {Doyon}, R.},
    title = "{In Search of Dust Clouds: Photometric Monitoring of a Sample of Late L and T Dwarfs}",
  journal = {\apj},
 keywords = {brown dwarfs, stars: individual: SDSS J105213.51+442255.7 SDSSp J125453.90{\ndash}012247.4, stars: low-mass, stars: variables: general, techniques: photometric},
     year = 2013,
    month = apr,
   volume = 767,
      eid = {61},
    pages = {61},
      doi = {10.1088/0004-637X/767/1/61},
   adsurl = {http://adsabs.harvard.edu/abs/2013ApJ...767...61G},
  adsnote = {Provided by the SAO/NASA Astrophysics Data System}
}

@ARTICLE{radigan12,
   author = {{Radigan}, J. and {Jayawardhana}, R. and {Lafreni{\`e}re}, D. and 
	{Artigau}, {\'E}. and {Marley}, M. and {Saumon}, D.},
    title = "{Large-amplitude Variations of an L/T Transition Brown Dwarf: Multi-wavelength Observations of Patchy, High-contrast Cloud Features}",
  journal = {\apj},
archivePrefix = "arXiv",
   eprint = {1201.3403},
 primaryClass = "astro-ph.SR",
 keywords = {brown dwarfs, stars: individual: 2MASS J21392676+0220226, stars: variables: general},
     year = 2012,
    month = may,
   volume = 750,
      eid = {105},
    pages = {105},
      doi = {10.1088/0004-637X/750/2/105},
   adsurl = {http://adsabs.harvard.edu/abs/2012ApJ...750..105R},
  adsnote = {Provided by the SAO/NASA Astrophysics Data System}
}

@ARTICLE{artigau09,
   author = {{Artigau}, {\'E}. and {Bouchard}, S. and {Doyon}, R. and {Lafreni{\`e}re}, D.
	},
    title = "{Photometric Variability of the T2.5 Brown Dwarf SIMP J013656.5+093347: Evidence for Evolving Weather Patterns}",
  journal = {\apj},
archivePrefix = "arXiv",
   eprint = {0906.3514},
 primaryClass = "astro-ph.SR",
 keywords = {stars: individual: SIMP J013656.5+093347, stars: low-mass, brown dwarfs},
     year = 2009,
    month = aug,
   volume = 701,
    pages = {1534-1539},
      doi = {10.1088/0004-637X/701/2/1534},
   adsurl = {http://adsabs.harvard.edu/abs/2009ApJ...701.1534A},
  adsnote = {Provided by the SAO/NASA Astrophysics Data System}
}

@ARTICLE{reiners08,
   author = {{Reiners}, A. and {Basri}, G.},
    title = "{Chromospheric Activity, Rotation, and Rotational Braking in M and L Dwarfs}",
  journal = {\apj},
archivePrefix = "arXiv",
   eprint = {0805.1059},
 keywords = {Stars: Activity, Stars: Flare, Stars: Late-Type, Stars: Low-Mass, Brown Dwarfs, Stars: Rotation},
     year = 2008,
    month = sep,
   volume = 684,
    pages = {1390-1403},
      doi = {10.1086/590073},
   adsurl = {http://adsabs.harvard.edu/abs/2008ApJ...684.1390R},
  adsnote = {Provided by the SAO/NASA Astrophysics Data System}
}

@INPROCEEDINGS{allard03,
   author = {{Allard}, F. and {Guillot}, T. and {Ludwig}, H.-G. and {Hauschildt}, P.~H. and 
	{Schweitzer}, A. and {Alexander}, D.~R. and {Ferguson}, J.~W.
	},
    title = "{Model Atmospheres and Spectra: The Role of Dust}",
booktitle = {Brown Dwarfs},
     year = 2003,
   series = {IAU Symposium},
   volume = 211,
   editor = {{Mart{\'{\i}}n}, E.},
    month = jun,
    pages = {325},
   adsurl = {http://adsabs.harvard.edu/abs/2003IAUS..211..325A},
  adsnote = {Provided by the SAO/NASA Astrophysics Data System}
}

@ARTICLE{marley02,
   author = {{Marley}, M.~S. and {Seager}, S. and {Saumon}, D. and {Lodders}, K. and 
	{Ackerman}, A.~S. and {Freedman}, R.~S. and {Fan}, X.},
    title = "{Clouds and Chemistry: Ultracool Dwarf Atmospheric Properties from Optical and Infrared Colors}",
  journal = {\apj},
   eprint = {astro-ph/0105438},
 keywords = {Stars: Atmospheres, Stars: Low-Mass, Brown Dwarfs},
     year = 2002,
    month = mar,
   volume = 568,
    pages = {335-342},
      doi = {10.1086/338800},
   adsurl = {http://adsabs.harvard.edu/abs/2002ApJ...568..335M},
  adsnote = {Provided by the SAO/NASA Astrophysics Data System}
}

@ARTICLE{tsuji03,
   author = {{Tsuji}, T. and {Nakajima}, T.},
    title = "{Transition from L to T Dwarfs on the Color-Magnitude Diagram}",
  journal = {\apjl},
   eprint = {astro-ph/0302169},
 keywords = {Molecular Processes, Stars: Atmospheres, Stars: Fundamental Parameters, Stars: Late-Type, Stars: Low-Mass, Brown Dwarfs-},
     year = 2003,
    month = mar,
   volume = 585,
    pages = {L151-L154},
      doi = {10.1086/374388},
   adsurl = {http://adsabs.harvard.edu/abs/2003ApJ...585L.151T},
  adsnote = {Provided by the SAO/NASA Astrophysics Data System}
}

@ARTICLE{stephens09,
   author = {{Stephens}, D.~C. and {Leggett}, S.~K. and {Cushing}, M.~C. and 
	{Marley}, M.~S. and {Saumon}, D. and {Geballe}, T.~R. and {Golimowski}, D.~A. and 
	{Fan}, X. and {Noll}, K.~S.},
    title = "{The 0.8-14.5 {$\mu$}m Spectra of Mid-L to Mid-T Dwarfs: Diagnostics of Effective Temperature, Grain Sedimentation, Gas Transport, and Surface Gravity}",
  journal = {\apj},
archivePrefix = "arXiv",
   eprint = {0906.2991},
 primaryClass = "astro-ph.SR",
 keywords = {stars: individual: 2MASS J00361617+1821104 2MASS J05591914{\ndash}1404488 2MASS J08251968+2115521 2MASS J09083803+5032088 2MASS J15074769{\ndash}1627386 2MASS J22244381{\ndash}0158521 2MASS J22443167+2043433 2MASS J22541892+3123498 DENIS-P J025503.3{\ndash}470049 SDSS J000013.54+255418.6 SDSS J075840.32+324723.3 SDSS J080531.83+481233.1 SDSS J085758.44+570851.4 SDSS J105213.50+442255.6AB SDSS J111009.99+011613.0 SDSS J115553.85+ 055957.5 SDSS J120747.17+024424.8 SDSS J125453.90{\ndash}012247.5 SDSS J133148.88{\ndash}011652.5 SDSS J151643.00+305344.3 SDSS J152039.82+354619.8, stars: low-mass, brown dwarfs},
     year = 2009,
    month = sep,
   volume = 702,
    pages = {154-170},
      doi = {10.1088/0004-637X/702/1/154},
   adsurl = {http://adsabs.harvard.edu/abs/2009ApJ...702..154S},
  adsnote = {Provided by the SAO/NASA Astrophysics Data System}
}

@ARTICLE{golimowski04,
   author = {{Golimowski}, D.~A. and {Leggett}, S.~K. and {Marley}, M.~S. and 
	{Fan}, X. and {Geballe}, T.~R. and {Knapp}, G.~R. and {Vrba}, F.~J. and 
	{Henden}, A.~A. and {Luginbuhl}, C.~B. and {Guetter}, H.~H. and 
	{Munn}, J.~A. and {Canzian}, B. and {Zheng}, W. and {Tsvetanov}, Z.~I. and 
	{Chiu}, K. and {Glazebrook}, K. and {Hoversten}, E.~A. and {Schneider}, D.~P. and 
	{Brinkmann}, J.},
    title = "{L' and M' Photometry of Ultracool Dwarfs}",
  journal = {\aj},
   eprint = {astro-ph/0402475},
 keywords = {-Stars: Fundamental Parameters, Stars: Late-Type, Stars: Low-Mass, Brown Dwarfs},
     year = 2004,
    month = jun,
   volume = 127,
    pages = {3516-3536},
      doi = {10.1086/420709},
   adsurl = {http://adsabs.harvard.edu/abs/2004AJ....127.3516G},
  adsnote = {Provided by the SAO/NASA Astrophysics Data System}
}

@ARTICLE{burrows06,
   author = {{Burrows}, A. and {Sudarsky}, D. and {Hubeny}, I.},
    title = "{L and T Dwarf Models and the L to T Transition}",
  journal = {\apj},
   eprint = {astro-ph/0509066},
 keywords = {Infrared: Stars, Molecular Processes, Radiative Transfer, Stars: Low-Mass, Brown Dwarfs},
     year = 2006,
    month = apr,
   volume = 640,
    pages = {1063-1077},
      doi = {10.1086/500293},
   adsurl = {http://adsabs.harvard.edu/abs/2006ApJ...640.1063B},
  adsnote = {Provided by the SAO/NASA Astrophysics Data System}
}

@ARTICLE{lodders99,
   author = {{Lodders}, K.},
    title = "{Alkali Element Chemistry in Cool Dwarf Atmospheres}",
  journal = {\apj},
 keywords = {MOLECULAR PROCESSES, STARS: ABUNDANCES, STARS: INDIVIDUAL (GLIESE 229B), STARS: LOW-MASS, BROWN DWARFS, Molecular Processes, Stars: Abundances, stars: individual (Gliese 229B), Stars: Low-Mass, Brown Dwarfs},
     year = 1999,
    month = jul,
   volume = 519,
    pages = {793-801},
      doi = {10.1086/307387},
   adsurl = {http://adsabs.harvard.edu/abs/1999ApJ...519..793L},
  adsnote = {Provided by the SAO/NASA Astrophysics Data System}
}

@ARTICLE{burrows99,
   author = {{Burrows}, A. and {Sharp}, C.~M.},
    title = "{Chemical Equilibrium Abundances in Brown Dwarf and Extrasolar Giant Planet Atmospheres}",
  journal = {\apj},
   eprint = {astro-ph/9807055},
 keywords = {STARS: ABUNDANCES, STARS: LOW-MASS, BROWN DWARFS, Stars: Abundances, Stars: Low-Mass, Brown Dwarfs},
     year = 1999,
    month = feb,
   volume = 512,
    pages = {843-863},
      doi = {10.1086/306811},
   adsurl = {http://adsabs.harvard.edu/abs/1999ApJ...512..843B},
  adsnote = {Provided by the SAO/NASA Astrophysics Data System}
}

@INBOOK{lodders06,
   author = {{Lodders}, K. and {Fegley}, Jr., B.},
    title = "{Chemistry of Low Mass Substellar Objects}",
 keywords = {Physics},
booktitle = {Astrophysics Update 2},
     year = 2006,
   editor = {{Mason}, J.~W.},
    pages = {1},
      doi = {10.1007/3-540-30313-8_1},
   adsurl = {http://adsabs.harvard.edu/abs/2006asup.book....1L},
  adsnote = {Provided by the SAO/NASA Astrophysics Data System}
}

@ARTICLE{kirkpatrick12,
   author = {{Kirkpatrick}, J.~D. and {Gelino}, C.~R. and {Cushing}, M.~C. and 
	{Mace}, G.~N. and {Griffith}, R.~L. and {Skrutskie}, M.~F. and 
	{Marsh}, K.~A. and {Wright}, E.~L. and {Eisenhardt}, P.~R. and 
	{McLean}, I.~S. and {Mainzer}, A.~K. and {Burgasser}, A.~J. and 
	{Tinney}, C.~G. and {Parker}, S. and {Salter}, G.},
    title = "{Further Defining Spectral Type ''Y'' and Exploring the Low-mass End of the Field Brown Dwarf Mass Function}",
  journal = {\apj},
archivePrefix = "arXiv",
   eprint = {1205.2122},
 primaryClass = "astro-ph.SR",
 keywords = {brown dwarfs, solar neighborhood, stars: low-mass, stars: luminosity function, mass function, surveys, techniques: spectroscopic},
     year = 2012,
    month = jul,
   volume = 753,
      eid = {156},
    pages = {156},
      doi = {10.1088/0004-637X/753/2/156},
   adsurl = {http://adsabs.harvard.edu/abs/2012ApJ...753..156K},
  adsnote = {Provided by the SAO/NASA Astrophysics Data System}
}

@ARTICLE{cushing11,
   author = {{Cushing}, M.~C. and {Kirkpatrick}, J.~D. and {Gelino}, C.~R. and 
	{Griffith}, R.~L. and {Skrutskie}, M.~F. and {Mainzer}, A. and 
	{Marsh}, K.~A. and {Beichman}, C.~A. and {Burgasser}, A.~J. and 
	{Prato}, L.~A. and {Simcoe}, R.~A. and {Marley}, M.~S. and {Saumon}, D. and 
	{Freedman}, R.~S. and {Eisenhardt}, P.~R. and {Wright}, E.~L.
	},
    title = "{The Discovery of Y Dwarfs using Data from the Wide-field Infrared Survey Explorer (WISE)}",
  journal = {\apj},
archivePrefix = "arXiv",
   eprint = {1108.4678},
 primaryClass = "astro-ph.SR",
 keywords = {brown dwarfs, infrared: stars, stars: individual: UGPS J072227.51{\ndash}054031.2 WISEPC J014807.25{\ndash}720258.8 WISEP J041022.71+150248.5 WISEPC J140518.40+553421.5 WISEP J154151.65-225025.2 WISEP J173835.52+273258.9 WISEP J182831.08+265037.8 WISEPC J205628.90+145953.3, stars: low-mass},
     year = 2011,
    month = dec,
   volume = 743,
      eid = {50},
    pages = {50},
      doi = {10.1088/0004-637X/743/1/50},
   adsurl = {http://adsabs.harvard.edu/abs/2011ApJ...743...50C},
  adsnote = {Provided by the SAO/NASA Astrophysics Data System}
}

@ARTICLE{reid01,
   author = {{Reid}, I.~N. and {Burgasser}, A.~J. and {Cruz}, K.~L. and {Kirkpatrick}, J.~D. and 
	{Gizis}, J.~E.},
    title = "{Near-Infrared Spectral Classification of Late M and L Dwarfs}",
  journal = {\aj},
   eprint = {astro-ph/0012275},
 keywords = {Stars: Late-Type, Stars: Low-Mass, Brown Dwarfs},
     year = 2001,
    month = mar,
   volume = 121,
    pages = {1710-1721},
      doi = {10.1086/319418},
   adsurl = {http://adsabs.harvard.edu/abs/2001AJ....121.1710R},
  adsnote = {Provided by the SAO/NASA Astrophysics Data System}
}


@ARTICLE{nakajima04,
   author = {{Nakajima}, T. and {Tsuji}, T. and {Yanagisawa}, K.},
    title = "{Spectral Classification and Effective Temperatures of L and T Dwarfs Based on Near-Infrared Spectra}",
  journal = {\apj},
 keywords = {Infrared: Stars, Stars: Late-Type, Stars: Low-Mass, Brown Dwarfs},
     year = 2004,
    month = may,
   volume = 607,
    pages = {499-510},
      doi = {10.1086/383299},
   adsurl = {http://adsabs.harvard.edu/abs/2004ApJ...607..499N},
  adsnote = {Provided by the SAO/NASA Astrophysics Data System}
}

@ARTICLE{mclean03,
   author = {{McLean}, I.~S. and {McGovern}, M.~R. and {Burgasser}, A.~J. and 
	{Kirkpatrick}, J.~D. and {Prato}, L. and {Kim}, S.~S.},
    title = "{The NIRSPEC Brown Dwarf Spectroscopic Survey. I. Low-Resolution Near-Infrared Spectra}",
  journal = {\apj},
   eprint = {astro-ph/0309257},
 keywords = {Infrared: Stars, Stars: Low-Mass, Brown Dwarfs, Surveys, Techniques: Spectroscopic},
     year = 2003,
    month = oct,
   volume = 596,
    pages = {561-586},
      doi = {10.1086/377636},
   adsurl = {http://adsabs.harvard.edu/abs/2003ApJ...596..561M},
  adsnote = {Provided by the SAO/NASA Astrophysics Data System}
}


@ARTICLE{martin99,
   author = {{Mart{\'{\i}}n}, E.~L. and {Delfosse}, X. and {Basri}, G. and 
	{Goldman}, B. and {Forveille}, T. and {Zapatero Osorio}, M.~R.
	},
    title = "{Spectroscopic Classification of Late-M and L Field Dwarfs}",
  journal = {\aj},
 keywords = {STARS: EVOLUTION, STARS: FUNDAMENTAL PARAMETERS, STARS: LOW-MASS, BROWN DWARFS},
     year = 1999,
    month = nov,
   volume = 118,
    pages = {2466-2482},
      doi = {10.1086/301107},
   adsurl = {http://adsabs.harvard.edu/abs/1999AJ....118.2466M},
  adsnote = {Provided by the SAO/NASA Astrophysics Data System}
}

@ARTICLE{kirkpatrick00,
   author = {{Kirkpatrick}, J.~D. and {Reid}, I.~N. and {Liebert}, J. and 
	{Gizis}, J.~E. and {Burgasser}, A.~J. and {Monet}, D.~G. and 
	{Dahn}, C.~C. and {Nelson}, B. and {Williams}, R.~J.},
    title = "{67 Additional L Dwarfs Discovered by the Two Micron All Sky Survey}",
  journal = {\aj},
   eprint = {astro-ph/0003317},
 keywords = {Infrared Radiation, Stars: Atmospheres, Stars: Distances, Stars: Fundamental Parameters, Stars: Low-Mass, Brown Dwarfs},
     year = 2000,
    month = jul,
   volume = 120,
    pages = {447-472},
      doi = {10.1086/301427},
   adsurl = {http://adsabs.harvard.edu/abs/2000AJ....120..447K},
  adsnote = {Provided by the SAO/NASA Astrophysics Data System}
}

@ARTICLE{kirkpatrick99,
   author = {{Kirkpatrick}, J.~D. and {Reid}, I.~N. and {Liebert}, J. and 
	{Cutri}, R.~M. and {Nelson}, B. and {Beichman}, C.~A. and {Dahn}, C.~C. and 
	{Monet}, D.~G. and {Gizis}, J.~E. and {Skrutskie}, M.~F.},
    title = "{Dwarfs Cooler than ``M'': The Definition of Spectral Type ``L'' Using Discoveries from the 2 Micron All-Sky Survey (2MASS)}",
  journal = {\apj},
 keywords = {INFRARED: STARS, STARS: ATMOSPHERES, STARS: DISTANCES, STARS: FUNDAMENTAL PARAMETERS, STARS: LOW-MASS, BROWN DWARFS, Infrared: Stars, Stars: Atmospheres, Stars: Distances, Stars: Fundamental Parameters, Stars: Low-Mass, Brown Dwarfs},
     year = 1999,
    month = jul,
   volume = 519,
    pages = {802-833},
      doi = {10.1086/307414},
   adsurl = {http://adsabs.harvard.edu/abs/1999ApJ...519..802K},
  adsnote = {Provided by the SAO/NASA Astrophysics Data System}
}

@ARTICLE{geballe02,
   author = {{Geballe}, T.~R. and {Knapp}, G.~R. and {Leggett}, S.~K. and 
	{Fan}, X. and {Golimowski}, D.~A. and {Anderson}, S. and {Brinkmann}, J. and 
	{Csabai}, I. and {Gunn}, J.~E. and {Hawley}, S.~L. and {Hennessy}, G. and 
	{Henry}, T.~J. and {Hill}, G.~J. and {Hindsley}, R.~B. and {Ivezi{\'c}}, {\v Z}. and 
	{Lupton}, R.~H. and {McDaniel}, A. and {Munn}, J.~A. and {Narayanan}, V.~K. and 
	{Peng}, E. and {Pier}, J.~R. and {Rockosi}, C.~M. and {Schneider}, D.~P. and 
	{Smith}, J.~A. and {Strauss}, M.~A. and {Tsvetanov}, Z.~I. and 
	{Uomoto}, A. and {York}, D.~G. and {Zheng}, W.},
    title = "{Toward Spectral Classification of L and T Dwarfs: Infrared and Optical Spectroscopy and Analysis}",
  journal = {\apj},
   eprint = {astro-ph/0108443},
 keywords = {Infrared: Stars, Stars: Low-Mass, Brown Dwarfs, Surveys},
     year = 2002,
    month = jan,
   volume = 564,
    pages = {466-481},
      doi = {10.1086/324078},
   adsurl = {http://adsabs.harvard.edu/abs/2002ApJ...564..466G},
  adsnote = {Provided by the SAO/NASA Astrophysics Data System}
}


@ARTICLE{burgasser02a,
   author = {{Burgasser}, A.~J. and {Kirkpatrick}, J.~D. and {Brown}, M.~E. and 
	{Reid}, I.~N. and {Burrows}, A. and {Liebert}, J. and {Matthews}, K. and 
	{Gizis}, J.~E. and {Dahn}, C.~C. and {Monet}, D.~G. and {Cutri}, R.~M. and 
	{Skrutskie}, M.~F.},
    title = "{The Spectra of T Dwarfs. I. Near-Infrared Data and Spectral Classification}",
  journal = {\apj},
   eprint = {astro-ph/0108452},
 keywords = {Infrared: Stars, Stars: Fundamental Parameters, Stars: Low-Mass, Brown Dwarfs, Techniques: Spectroscopic},
     year = 2002,
    month = jan,
   volume = 564,
    pages = {421-451},
      doi = {10.1086/324033},
   adsurl = {http://adsabs.harvard.edu/abs/2002ApJ...564..421B},
  adsnote = {Provided by the SAO/NASA Astrophysics Data System}
}

@ARTICLE{burgasser02b,
   author = {{Burgasser}, A.~J. and {Marley}, M.~S. and {Ackerman}, A.~S. and 
	{Saumon}, D. and {Lodders}, K. and {Dahn}, C.~C. and {Harris}, H.~C. and 
	{Kirkpatrick}, J.~D.},
    title = "{Evidence of Cloud Disruption in the L/T Dwarf Transition}",
  journal = {\apjl},
   eprint = {astro-ph/0205051},
 keywords = {Infrared: Stars, Stars: Atmospheres, Stars: Fundamental Parameters, Stars: Individual: Alphanumeric: SDSS J1254-0122, Stars: Individual: Alphanumeric: 2MASS J0559-1404, Stars: Low-Mass, Brown Dwarfs},
     year = 2002,
    month = jun,
   volume = 571,
    pages = {L151-L154},
      doi = {10.1086/341343},
   adsurl = {http://adsabs.harvard.edu/abs/2002ApJ...571L.151B},
  adsnote = {Provided by the SAO/NASA Astrophysics Data System}
}


@ARTICLE{helling14,
   author = {{Helling}, C. and {Casewell}, S.},
    title = "{Atmospheres of brown dwarfs}",
  journal = {\aapr},
archivePrefix = "arXiv",
   eprint = {1410.6029},
 primaryClass = "astro-ph.SR",
 keywords = {(Stars:) brown dwarfs, Stars: low-mass, Stars: atmospheres, Infrared: stars, Radio lines: stars, X-rays: stars},
     year = 2014,
    month = nov,
   volume = 22,
      eid = {80},
    pages = {80},
      doi = {10.1007/s00159-014-0080-0},
   adsurl = {http://adsabs.harvard.edu/abs/2014A%26ARv..22...80H},
  adsnote = {Provided by the SAO/NASA Astrophysics Data System}
}

@ARTICLE{chabrier00b,
   author = {{Chabrier}, G. and {Baraffe}, I. and {Allard}, F. and {Hauschildt}, P.
	},
    title = "{Deuterium Burning in Substellar Objects}",
  journal = {\apjl},
   eprint = {astro-ph/0009174},
 keywords = {Stars: Planetary Systems, Stars: Atmospheres, Stars: Evolution, Stars: Interiors, Stars: Low-Mass, Brown Dwarfs},
     year = 2000,
    month = oct,
   volume = 542,
    pages = {L119-L122},
      doi = {10.1086/312941},
   adsurl = {http://adsabs.harvard.edu/abs/2000ApJ...542L.119C},
  adsnote = {Provided by the SAO/NASA Astrophysics Data System}
}


@ARTICLE{luhman12,
   author = {{Luhman}, K.~L.},
    title = "{The Formation and Early Evolution of Low-Mass Stars and Brown Dwarfs}",
  journal = {\araa},
archivePrefix = "arXiv",
   eprint = {1208.5800},
     year = 2012,
    month = sep,
   volume = 50,
    pages = {65-106},
      doi = {10.1146/annurev-astro-081811-125528},
   adsurl = {http://adsabs.harvard.edu/abs/2012ARA%26A..50...65L},
  adsnote = {Provided by the SAO/NASA Astrophysics Data System}
}


@PROCEEDINGS{joergens14,
    title = "{50 Years of Brown Dwarfs: From Prediction to Discovery to Forefront of Research}",
 keywords = {Physics},
booktitle = {Astrophysics and Space Science Library},
     year = 2014,
   series = {Astrophysics and Space Science Library},
   volume = 401,
   editor = {{Joergens}, V.},
      doi = {10.1007/978-3-319-01162-2},
   adsurl = {http://adsabs.harvard.edu/abs/2014ASSL..401.....J},
  adsnote = {Provided by the SAO/NASA Astrophysics Data System}
}

@ARTICLE{foreman-mackey13,
   author = {{Foreman-Mackey}, D. and {Hogg}, D.~W. and {Lang}, D. and {Goodman}, J.
	},
    title = "{emcee: The MCMC Hammer}",
  journal = {\pasp},
archivePrefix = "arXiv",
   eprint = {1202.3665},
 primaryClass = "astro-ph.IM",
 keywords = {Data Analysis and Techniques},
     year = 2013,
    month = mar,
   volume = 125,
    pages = {306-312},
      doi = {10.1086/670067},
   adsurl = {http://adsabs.harvard.edu/abs/2013PASP..125..306F},
  adsnote = {Provided by the SAO/NASA Astrophysics Data System}
}


@ARTICLE{line15,
   author = {{Line}, M.~R. and {Teske}, J. and {Burningham}, B. and {Fortney}, J.~J. and 
	{Marley}, M.~S.},
    title = "{Uniform Atmospheric Retrieval Analysis of Ultracool Dwarfs. I.{\nbsp}Characterizing Benchmarks, Gl 570D{\nbsp}and HD 3651B}",
  journal = {\apj},
archivePrefix = "arXiv",
   eprint = {1504.06670},
 primaryClass = "astro-ph.SR",
 keywords = {brown dwarfs, radiative transfer, stars: abundances, stars: atmospheres, stars: individual: Gl 570, HD 3651},
     year = 2015,
    month = jul,
   volume = 807,
      eid = {183},
    pages = {183},
      doi = {10.1088/0004-637X/807/2/183},
   adsurl = {http://adsabs.harvard.edu/abs/2015ApJ...807..183L},
  adsnote = {Provided by the SAO/NASA Astrophysics Data System}
}


@ARTICLE{line14,
   author = {{Line}, M.~R. and {Fortney}, J.~J. and {Marley}, M.~S. and {Sorahana}, S.
	},
    title = "{A Data-driven Approach for Retrieving Temperatures and Abundances in Brown Dwarf Atmospheres}",
  journal = {\apj},
archivePrefix = "arXiv",
   eprint = {1403.6412},
 primaryClass = "astro-ph.SR",
 keywords = {brown dwarfs, methods: statistical, radiative transfer, stars: atmospheres, stars: individual: Gl 570D},
     year = 2014,
    month = sep,
   volume = 793,
      eid = {33},
    pages = {33},
      doi = {10.1088/0004-637X/793/1/33},
   adsurl = {http://adsabs.harvard.edu/abs/2014ApJ...793...33L},
  adsnote = {Provided by the SAO/NASA Astrophysics Data System}
}


@ARTICLE{saumon08,
   author = {{Saumon}, D. and {Marley}, M.~S.},
    title = "{The Evolution of L and T Dwarfs in Color-Magnitude Diagrams}",
  journal = {\apj},
archivePrefix = "arXiv",
   eprint = {0808.2611},
 keywords = {Stars: Atmospheres, Stars: Evolution, Stars: Low-Mass, Brown Dwarfs},
     year = 2008,
    month = dec,
   volume = 689,
    pages = {1327-1344},
      doi = {10.1086/592734},
   adsurl = {http://adsabs.harvard.edu/abs/2008ApJ...689.1327S},
  adsnote = {Provided by the SAO/NASA Astrophysics Data System}
}

@ARTICLE{morley12,
   author = {{Morley}, C.~V. and {Fortney}, J.~J. and {Marley}, M.~S. and 
	{Visscher}, C. and {Saumon}, D. and {Leggett}, S.~K.},
    title = "{Neglected Clouds in T and Y Dwarf Atmospheres}",
  journal = {\apj},
archivePrefix = "arXiv",
   eprint = {1206.4313},
 primaryClass = "astro-ph.SR",
 keywords = {brown dwarfs, stars: atmospheres},
     year = 2012,
    month = sep,
   volume = 756,
      eid = {172},
    pages = {172},
      doi = {10.1088/0004-637X/756/2/172},
   adsurl = {http://adsabs.harvard.edu/abs/2012ApJ...756..172M},
  adsnote = {Provided by the SAO/NASA Astrophysics Data System}
}


@ARTICLE{ackerman01,
   author = {{Ackerman}, A.~S. and {Marley}, M.~S.},
    title = "{Precipitating Condensation Clouds in Substellar Atmospheres}",
  journal = {\apj},
   eprint = {astro-ph/0103423},
 keywords = {Stars: Planetary Systems, Stars: Low-Mass, Brown Dwarfs},
     year = 2001,
    month = aug,
   volume = 556,
    pages = {872-884},
      doi = {10.1086/321540},
   adsurl = {http://adsabs.harvard.edu/abs/2001ApJ...556..872A},
  adsnote = {Provided by the SAO/NASA Astrophysics Data System}
}

@ARTICLE{crossfield14,
   author = {{Crossfield}, I.~J.~M. and {Biller}, B. and {Schlieder}, J.~E. and 
	{Deacon}, N.~R. and {Bonnefoy}, M. and {Homeier}, D. and {Allard}, F. and 
	{Buenzli}, E. and {Henning}, T. and {Brandner}, W. and {Goldman}, B. and 
	{Kopytova}, T.},
    title = "{A global cloud map of the nearest known brown dwarf}",
  journal = {\nat},
archivePrefix = "arXiv",
   eprint = {1401.8145},
 primaryClass = "astro-ph.EP",
     year = 2014,
    month = jan,
   volume = 505,
    pages = {654-656},
      doi = {10.1038/nature12955},
   adsurl = {http://adsabs.harvard.edu/abs/2014Natur.505..654C},
  adsnote = {Provided by the SAO/NASA Astrophysics Data System}
}

@article{cloudseqlodders,
author = {Lodders, Katharina}, 
title = {Brown Dwarfs--Faint at Heart, Rich in Chemistry},
volume = {303}, 
number = {5656}, 
pages = {323-324}, 
year = {2004}, 
doi = {10.1126/science.1092865}, 
URL = {http://www.sciencemag.org/content/303/5656/323.short}, 
eprint = {http://www.sciencemag.org/content/303/5656/323.full.pdf}, 
journal = {Science} 
}

@ARTICLE{buenzli14,
   author = {{Buenzli}, E. and {Apai}, D. and {Radigan}, J. and {Reid}, I.~N. and 
	{Flateau}, D.},
    title = "{Brown Dwarf Photospheres are Patchy: A Hubble Space Telescope Near-infrared Spectroscopic Survey Finds Frequent Low-level Variability}",
  journal = {\apj},
archivePrefix = "arXiv",
   eprint = {1312.5294},
 primaryClass = "astro-ph.SR",
 keywords = {brown dwarfs, stars: atmospheres, stars: low-mass},
     year = 2014,
    month = feb,
   volume = 782,
      eid = {77},
    pages = {77},
      doi = {10.1088/0004-637X/782/2/77},
   adsurl = {http://adsabs.harvard.edu/abs/2014ApJ...782...77B},
  adsnote = {Provided by the SAO/NASA Astrophysics Data System}
}

@ARTICLE{kostov13,
   author = {{Kostov}, V. and {Apai}, D.},
    title = "{Mapping Directly Imaged Giant Exoplanets}",
  journal = {\apj},
archivePrefix = "arXiv",
   eprint = {1210.6915},
 primaryClass = "astro-ph.EP",
 keywords = {methods: analytical, planetary systems, planets and satellites: atmospheres, planets and satellites: composition, techniques: photometric, techniques: spectroscopic },
     year = 2013,
    month = jan,
   volume = 762,
      eid = {47},
    pages = {47},
      doi = {10.1088/0004-637X/762/1/47},
   adsurl = {http://adsabs.harvard.edu/abs/2013ApJ...762...47K},
  adsnote = {Provided by the SAO/NASA Astrophysics Data System}
}

@INPROCEEDINGS{mohanty07,
   author = {{Mohanty}, S. and {Baraffe}, I. and {Chabrier}, G.},
    title = "{Convection in brown dwarfs}",
booktitle = {IAU Symposium},
     year = 2007,
   series = {IAU Symposium},
   volume = 239,
   editor = {{Kupka}, F. and {Roxburgh}, I. and {Chan}, K.~L.},
    month = may,
    pages = {197-204},
      doi = {10.1017/S1743921307000427},
   adsurl = {http://adsabs.harvard.edu/abs/2007IAUS..239..197M},
  adsnote = {Provided by the SAO/NASA Astrophysics Data System}
}

@ARTICLE{wigner1935,
   author = {{Wigner}, E. and {Huntington}, H.~B.},
    title = "{On the Possibility of a Metallic Modification of Hydrogen}",
  journal = {\jcp},
     year = 1935,
    month = dec,
   volume = 3,
    pages = {764-770},
      doi = {10.1063/1.1749590},
   adsurl = {http://adsabs.harvard.edu/abs/1935JChPh...3..764W},
  adsnote = {Provided by the SAO/NASA Astrophysics Data System}
}


@ARTICLE{burrows93,
   author = {{Burrows}, A. and {Liebert}, J.},
    title = "{The science of brown dwarfs}",
  journal = {Reviews of Modern Physics},
     year = 1993,
    month = apr,
   volume = 65,
    pages = {301-336},
      doi = {10.1103/RevModPhys.65.301},
   adsurl = {http://adsabs.harvard.edu/abs/1993RvMP...65..301B},
  adsnote = {Provided by the SAO/NASA Astrophysics Data System}
}

@inproceedings{hennebelle11,
	Adsnote = {Provided by the SAO/NASA Astrophysics Data System},
	Adsurl = {http://adsabs.harvard.edu/abs/2011IAUS..270..159H},
	Archiveprefix = {arXiv},
	Author = {{Hennebelle}, P. and {Chabrier}, G.},
	Booktitle = {Computational Star Formation},
	Date-Added = {2015-06-10 16:24:32 +0000},
	Date-Modified = {2015-06-10 16:24:45 +0000},
	Doi = {10.1017/S1743921311000329},
	Editor = {{Alves}, J. and {Elmegreen}, B.~G. and {Girart}, J.~M. and {Trimble}, V.},
	Eprint = {1011.2717},
	Keywords = {STARS: formation, ISM: clouds, gravitation, turbulence},
	Month = apr,
	Pages = {159-168},
	Series = {IAU Symposium},
	Title = {{Theories of the initial mass function}},
	Volume = 270,
	Year = 2011,
	Bdsk-Url-1 = {http://dx.doi.org/10.1017/S1743921311000329}}

@article{chabrier00,
	Adsnote = {Provided by the SAO/NASA Astrophysics Data System},
	Adsurl = {http://adsabs.harvard.edu/abs/2000ApJ...542..464C},
	Author = {{Chabrier}, G. and {Baraffe}, I. and {Allard}, F. and {Hauschildt}, P.},
	Date-Added = {2015-06-10 15:35:09 +0000},
	Date-Modified = {2015-06-10 15:35:26 +0000},
	Doi = {10.1086/309513},
	Eprint = {astro-ph/0005557},
	Journal = {\apj},
	Keywords = {Hertzsprung-Russell, Stars: Evolution, Stars: Low-Mass, Brown Dwarfs, Stars: Luminosity Function, Mass Function},
	Month = oct,
	Pages = {464-472},
	Title = {{Evolutionary Models for Very Low-Mass Stars and Brown Dwarfs with Dusty Atmospheres}},
	Volume = 542,
	Year = 2000,
	Bdsk-Url-1 = {http://dx.doi.org/10.1086/309513}}

@article{chabrier14,
	Adsnote = {Provided by the SAO/NASA Astrophysics Data System},
	Adsurl = {http://adsabs.harvard.edu/abs/2014prpl.conf..619C},
	Archiveprefix = {arXiv},
	Author = {{Chabrier}, G. and {Johansen}, A. and {Janson}, M. and {Rafikov}, R.},
	Date-Modified = {2015-06-10 15:30:25 +0000},
	Doi = {10.2458/azu_uapress_9780816531240-ch027},
	Eprint = {1401.7559},
	Journal = {Protostars and Planets VI},
	Pages = {619-642},
	Primaryclass = {astro-ph.SR},
	Title = {{Giant Planet and Brown Dwarf Formation}},
	Year = 2014,
	Bdsk-Url-1 = {http://dx.doi.org/10.2458/azu_uapress_9780816531240-ch027}}

@article{iaubd,
	Adsnote = {Provided by the SAO/NASA Astrophysics Data System},
	Adsurl = {http://adsabs.harvard.edu/abs/2007IAUTA..26..183B},
	Author = {{Boss}, A.~P. and {Butler}, R.~P. and {Hubbard}, W.~B. and {Ianna}, P.~A. and {K{\"u}rster}, M. and {Lissauer}, J.~J. and {Mayor}, M. and {Meech}, K.~J. and {Mignard}, F. and {Penny}, A.~J. and {Quirrenbach}, A. and {Tarter}, J.~C. and {Vidal-Madjar}, A.},
	Doi = {10.1017/S1743921306004509},
	Journal = {Transactions of the International Astronomical Union, Series A},
	Month = mar,
	Pages = {183-186},
	Title = {{Working Group on Extrasolar Planets}},
	Volume = 26,
	Year = 2007,
	Bdsk-Url-1 = {http://dx.doi.org/10.1017/S1743921306004509}}

@webpage{bdlist,
	Author = {Wm Robert Johnston},
	Date-Added = {2015-06-10 14:57:14 +0000},
	Date-Modified = {2015-06-10 15:10:33 +0000},
	Lastchecked = {10/06/2015},
	Month = {June},
	Title = {List of Brown Dwarfs},
	Url = {http://www.johnstonsarchive.net/astro/browndwarflist.html},
	Year = {2015},
	Bdsk-Url-1 = {http://www.johnstonsarchive.net/astro/browndwarflist.html}}

@article{oppenheimer98,
	Adsnote = {Provided by the SAO/NASA Astrophysics Data System},
	Adsurl = {http://adsabs.harvard.edu/abs/1998ApJ...502..932O},
	Author = {{Oppenheimer}, B.~R. and {Kulkarni}, S.~R. and {Matthews}, K. and {van Kerkwijk}, M.~H.},
	Doi = {10.1086/305928},
	Eprint = {astro-ph/9802299},
	Journal = {\apj},
	Keywords = {STARS: CIRCUMSTELLAR MATTER, LINE: IDENTIFICATION, STARS: INDIVIDUAL NAME: GLIESE 229B, STARS: LOW-MASS, BROWN DWARFS, Stars: Circumstellar Matter, Line: Identification, Stars: Individual: Name: Gliese 229B, Stars: Low-Mass, Brown Dwarfs},
	Month = aug,
	Pages = {932-943},
	Title = {{The Spectrum of the Brown Dwarf Gliese 229B}},
	Volume = 502,
	Year = 1998,
	Bdsk-Url-1 = {http://dx.doi.org/10.1086/305928}}

@article{nakajima95,
	Annote = {10.1038/378463a0},
	Author = {Nakajima, T. and Oppenheimer, B. R. and Kulkarni, S. R. and Golimowski, D. A. and Matthews, K. and Durrance, S. T.},
	Date = {1995/11/30/print},
	Date-Added = {2015-06-09 17:52:00 +0000},
	Date-Modified = {2015-06-09 17:52:14 +0000},
	Day = {30},
	Journal = {Nature},
	M3 = {10.1038/378463a0},
	Month = {11},
	Number = {6556},
	Pages = {463--465},
	Title = {Discovery of a cool brown dwarf},
	Ty = {JOUR},
	Url = {http://dx.doi.org/10.1038/378463a0},
	Volume = {378},
	Year = {1995},
	Bdsk-Url-1 = {http://dx.doi.org/10.1038/378463a0}}

@article{mayorqueloz95,
	Annote = {10.1038/378355a0},
	Author = {Mayor, Michel and Queloz, Didier},
	Date = {1995/11/23/print},
	Date-Added = {2015-06-09 17:50:36 +0000},
	Date-Modified = {2015-06-09 17:50:54 +0000},
	Day = {23},
	Journal = {Nature},
	M3 = {10.1038/378355a0},
	Month = {11},
	Number = {6555},
	Pages = {355--359},
	Title = {A Jupiter-mass companion to a solar-type star},
	Ty = {JOUR},
	Url = {http://dx.doi.org/10.1038/378355a0},
	Volume = {378},
	Year = {1995},
	Bdsk-Url-1 = {http://dx.doi.org/10.1038/378355a0}}

@article{rebolo95,
	Annote = {10.1038/377129a0},
	Author = {Rebolo, R. and Osorio, M. R. Zapatero and Martin, E. L.},
	Date = {1995/09/14/print},
	Date-Added = {2015-06-09 17:46:55 +0000},
	Date-Modified = {2015-06-09 17:47:08 +0000},
	Day = {14},
	Journal = {Nature},
	M3 = {10.1038/377129a0},
	Month = {09},
	Number = {6545},
	Pages = {129--131},
	Title = {Discovery of a brown dwarf in the Pleiades star cluster},
	Ty = {JOUR},
	Url = {http://dx.doi.org/10.1038/377129a0},
	Volume = {377},
	Year = {1995},
	Bdsk-Url-1 = {http://dx.doi.org/10.1038/377129a0}}

@article{kumar63,
	Adsnote = {Provided by the SAO/NASA Astrophysics Data System},
	Adsurl = {http://adsabs.harvard.edu/abs/1963ApJ...137.1121K},
	Author = {{Kumar}, S.~S.},
	Date-Added = {2015-06-09 16:31:38 +0000},
	Date-Modified = {2015-06-09 16:32:21 +0000},
	Doi = {10.1086/147589},
	Journal = {\apj},
	Month = may,
	Pages = {1121},
	Title = {{The Structure of Stars of Very Low Mass.}},
	Volume = 137,
	Year = 1963,
	Bdsk-Url-1 = {http://dx.doi.org/10.1086/147589}}
